3098 5206
700 813 741 828 .-
762 791 802 842 58
821 813 860 826 .-

293 923 364 1010 tex,
383 919 490 1010 ideas,
508 920 551 992 ud
571 923 715 1012 querum
737 918 995 991 similltndinem
1009 921 1123 991 omnin
1143 920 1252 1013 lingit,

293 1043 392 1116 novit
413 1041 652 1136 intelligitque.
669 1042 818 1114 Mentem
834 1042 939 1114 hebet
957 1043 1060 1136 igitur
1077 1053 1112 1115 et
1131 1044 1258 1116 intelli,

290 1166 512 1258 gentium'At
524 1189 631 1260 quum
651 1188 766 1239 rernm
787 1168 1100 1240 universitatemin
1115 1169 1254 1251 ordine,

289 1290 386 1363 ideas
400 1291 549 1379 intuens,
569 1292 678 1386 ponit,
695 1292 766 1384 egil
779 1294 871 1364 Deus
886 1294 1050 1386 protecto.
1072 1293 1165 1382 llige
1181 1294 1258 1364 vim·

290 1414 414 1507 egendi
428 1404 695 1486 hnbet‘l'lntonis
708 1416 813 1487 Dens.
835 1416 989 1509 Denique
1003 1417 1110 1510 qulnm
1124 1417 1254 1491 invidia

290 1536 336 1609 tit
355 1536 616 1630 expers,qul1m
639 1538 783 1630 expoliti
796 1538 1019 1633 viventisque
1040 1539 1160 1612 mnndi
1178 1563 1258 1636 spe«

291 1659 425 1732 etunnln
442 1660 591 1752 gaudeat
607 1660 672 1749 (l),
685 1660 800 1733 bonus
813 1669 877 1733 est.
899 1664 991 1753 lingo
1004 1663 1078 1734 vim
1100 1663 1204 1735 hebet
1221 1675 1256 1736 et

291 1785 428 1857 emendi
448 1795 485 1858 et
505 1784 691 1876 gaudendi,
712 1784 977 1879 felicitatemque
995 1785 1100 1858 dandi
1118 1808 1254 1860 necnon

290 1907 473 1981 sentiendi.
489 1908 545 1980 Sin
563 1908 670 1980 tribus
686 1909 984 1981 excellentissimis
997 1908 1134 1983 dotibus
1145 1910 1254 1998 Deum

290 2052 391 2102 snum
406 2030 589 2125 praeditum
603 2031 698 2103 Plato
716 2031 828 2103 veluit
843 2052 932 2102 esse.
955 2031 1037 2102 lime
1056 2039 1171 2102 antem
1191 2030 1255 2103 trin

291 2153 411 2226 endem
428 2154 596 2227 Minervae
610 2164 644 2227 et
655 2155 731 2226 lovi
745 2154 912 2227 tribuerat
923 2154 1076 2242 Phidias,
1093 2165 1127 2226 et
1138 2153 1176 2225 in
1188 2155 1255 2226 hoe

290 2279 416 2352 itennm
432 2280 675 2375 philosophum
693 2291 727 2352 et
745 2279 909 2353 artificem
924 2280 1025 2375 plene
1050 2281 1255 2352 convenisse

295 2405 514 2498 perspicuum
528 2415 588 2476 est.

342 2527 387 2598 m
412 2530 440 2598 si
458 2529 512 2598 ⁴ud
535 2529 622 2616 veri,
652 2529 751 2613 boni,
780 2549 1041 2620 mensuraeque,
1062 2537 1100 2598 ut
1121 2529 1254 2600 Plutoni

155 2710 158 2719 .
294 2650 434 2742 pleeuit,
449 2649 706 2721 similitudinem
715 2650 843 2720 laetum
853 2656 905 2720 est
916 2647 1088 2743 quidquid
1101 2649 1251 2734 exsistit,

289 2794 330 2864 ea
353 2772 418 2844 tria
445 2782 526 2850 sunt
550 2772 711 2844 omnibus
739 2771 891 2844 maxime
919 2772 1115 2843 eommunia
1133 2771 1250 2858 rebus,

287 2917 351 2968 nec
369 2915 411 2968 ea
432 2895 601 2969 immeritd
626 2895 667 2964 τὰ
691 2892 755 2968 καθ’
773 2899 848 2968 ,ὅλου
869 2895 1081 2989 nnnsnpavit
1103 2894 1256 2990 philost»

287 3019 387 3112 phus.
418 3019 487 3091 Sed
513 3023 710 3095 eommunia
737 3030 817 3092 nunt
845 3041 985 3113 quoque
1008 3020 1162 3092 maxime
1181 3021 1256 3091 uni·

286 3144 395 3214 versis
409 3142 609 3215 hominibus
621 3153 657 3215 et
675 3143 799 3214 animis
816 3144 894 3214 haee
912 3142 989 3232 tria,
1007 3141 1028 3213 e
1045 3141 1171 3234 quibus
1183 3151 1255 3212 ten·

285 3257 390 3361 quam
413 3289 461 3340 ex
480 3273 611 3339 aetemo
629 3278 664 3339 nt
685 3268 810 3361 triplici
833 3269 927 3339 fonte
945 3288 1080 3356 verum,
1106 3266 1252 3355 bonum,

288 3391 541 3486 pulchrumque
553 3389 722 3479 defluunt,
741 3413 840 3463 mens
856 3381 1000 3480 scilicet,
1018 3392 1071 3462 vis
1083 3389 1208 3483 egendi
1221 3399 1255 3461 et

227 3524 232 3535 ’
285 3516 341 3588 vis
353 3516 490 3588 amandi
509 3517 591 3609 qud,
608 3525 647 3587 ut
663 3518 713 3588 ait
727 3518 801 3611 ipse
815 3515 925 3605 Plato,
948 3527 987 3586 ut
1001 3515 1142 3610 pulchre
1160 3514 1254 3586 diea-

287 3663 363 3712 mus
383 3653 418 3711 et
446 3642 611 3713 faciamus
640 3640 859 3736 impellimur.
889 3639 965 3711 Καθ’
991 3644 1062 3709 ὅλου
1081 3637 1252 3741 inprimis

286 3773 366 3835 sunt
383 3763 487 3856 igitur
508 3786 560 3836 ene
584 3764 690 3835 animi
713 3764 813 3837 dotes
836 3765 912 3836 'sine
929 3762 1064 3857 quibus
1079 3783 1144 3858 nec
1161 3748 1253 3837 Deus

287 3909 351 3958 nec
366 3887 471 3960 homo
490 3910 565 3960 esse
583 3899 705 3982 potest.
727 3889 798 3961 Nec
817 3900 932 3963 tamen
954 3871 1075 3961 credas
1093 3867 1151 3962 me
1173 3876 1250 3960 een·
1318 3919 1320 3924 ·

326 4157 369 4237 (ι)
392 4147 563 4235 'rtm.,1iag.
580 4164 627 4225 34.
