3098 5206
756 755 895 805 ..2-

307 878 310 885 '
347 901 426 972 quoe
439 881 508 949 turn
525 881 559 949 in
575 880 768 973 Symposiu,
783 879 941 967 Phaedre,
956 880 1108 968 Phileb0,
1119 893 1152 952 et
1164 883 1302 968 Timae0,

347 1015 418 1074 tum
433 1004 467 1074 in
483 1004 657 1075 nonnullis
675 1004 752 1074 aliis
768 1004 914 1096 dialogis
936 1004 1076 1097 legitur,
1105 1028 1173 1077 non
1205 1007 1305 1078 modo

345 1132 446 1223 plane
472 1129 697 1215 laudabilem,
725 1129 784 1201 sed
803 1131 937 1201 veritati
956 1152 1097 1224 qnoque
1112 1133 1304 1225 proximam
1379 1148 1381 1151 ·

344 1254 768 1346 essenemoneget,qul1m
777 1253 1304 1350 Academicisillisiuntibusple·

261 1355 264 1362 ’
344 1378 441 1470 rique
455 1378 514 1470 qui
528 1380 562 1449 iu
583 1379 830 1449 recentioribus
855 1378 949 1449 libris
963 1379 1051 1449 hanc
1064 1378 1301 1471 perdifficilem

343 1513 532 1574 trautavere
543 1503 732 1593 materiam,
743 1520 827 1574 suos
836 1503 1055 1601 irrigaverint
1066 1503 1202 1594 hort0s;
1215 1505 1304 1577 inter

342 1624 582 1695 celeberrimos
601 1633 660 1695 aut
678 1600 901 1717 philosophos
914 1632 973 1693 ant
985 1622 1131 1696 artifices
1143 1625 1202 1718 qui
1222 1635 1302 1696 ante

300 1781 302 1787 ·
342 1769 421 1819 eum
437 1749 637 1835 floruerunt,
656 1748 748 1818 hunc
761 1747 917 1818 divinum
935 1748 1094 1818 Diolimae
1116 1750 1303 1821 sacerdotis

341 1872 562 1965 interpretem
585 1882 746 1965 parentes
768 1870 930 1945 habuisse
957 1892 1098 1942 neeesse
1121 1881 1184 1944 est.
1212 1873 1302 1945 Inter

341 1997 467 2090 quossi
482 2017 643 2066 unacum
659 1994 865 2089 Pythagora,
882 1994 1090 2087 Anaxagora
1105 2008 1139 2067 et
1153 1999 1302 2085 Socrate,

328 2120 496 2205 ¹Phidiam
516 2141 653 2212 quoque
675 2120 942 2201 numeraverim,
962 2142 1032 2190 non
1054 2120 1158 2192 nimis
1176 2132 1303 2193 temere

235 2312 239 2319 ,
341 2245 407 2315 hoc
424 2243 553 2315 dixisse
571 2243 742 2314 videbun
758 2244 843 2335 Quis
858 2243 951 2314 enim
970 2244 1100 2315 Phidiae
1113 2246 1208 2337 signa
1223 2268 1302 2339 quae

339 2380 533 2463 supersunt,
545 2381 664 2440 trunca
675 2369 753 2439 licet
766 2381 799 2440 et
812 2370 929 2456 fracta,
946 2369 1072 2458 attpute
1086 2369 1221 2441 intuens
1232 2393 1300 2442 non

341 2497 376 2565 in
397 2494 465 2568 illis
482 2495 598 2566 nescio
613 2493 698 2586 quid
720 2493 929 2566 Platonicum
951 2494 1083 2587 spirare
1101 2473 1240 2569 rideat?
1260 2499 1301 2567 Et

340 2619 418 2711 quis
425 2617 616 2710 Agathunis
626 2617 842 2711 Symposium
854 2618 1022 2708 relegens,
1036 2618 1210 2697 Platonem
1219 2630 1299 2699 ante

340 2743 485 2819 Palladis
500 2741 646 2813 Athenae
661 2742 782 2813 faciem
800 2741 836 2811 in
853 2741 1122 2835 Hecatompeuu
1138 2752 1198 2814 aut
1219 2753 1299 2816 ante
1321 2742 1322 2746 ’

338 2863 434 2934 Jovis
471 2862 621 2958 Olympii
650 2863 808 2954 siguum,
836 2866 873 2932 τὸ
904 2865 979 2931 αὐτὸ
1011 2860 1075 2932 καθ’
1106 2867 1179 2932 αὑτὸ
1205 2869 1299 2935 καλὸν

339 2986 568 3058 celebravisse
580 3008 650 3058 nun
660 2987 800 3058 eredat?
852 3058 857 3069 ,
958 3064 960 3069 ,

389 3111 491 3197 Quod
510 3112 651 3204 quidem
673 3112 756 3182 olim
778 3121 812 3183 et
835 3132 901 3204 ego
928 3113 1002 3204 ipse
1021 3135 1096 3184 sum
1122 3123 1296 3206 expertus.

188 3217 190 3223 ¹
293 3330 296 3334 ἡ
336 3236 452 3322 Quum
466 3236 561 3307 anim
569 3236 712 3309 Athenis
725 3256 849 3324 essem,
863 3237 964 3308 almae
978 3235 1146 3309 beneficio
1167 3239 1300 3331 patriam

339 3373 374 3433 et
390 3360 523 3434 Phidiae
535 3382 639 3454 opera
656 3381 727 3431 non
741 3362 826 3452 jann,
844 3357 949 3433 eheu!
968 3361 1003 3430 in
1017 3361 1241 3436 Parthenonis
1255 3363 1301 3433 la-

339 3485 452 3577 stigie,
464 3506 544 3578 quae
556 3505 642 3579 vera.
651 3485 794 3578 solaque
804 3505 923 3557 eorum
933 3485 1031 3557 sedes
1045 3495 1109 3575 est,
1122 3487 1299 3568 collocata,

337 3608 399 3701 sed
413 3608 449 3678 in
463 3608 612 3681 obscuro
622 3611 810 3689 Turcurnm
822 3612 948 3709 saeello
957 3611 1107 3702 jacentia
1118 3621 1152 3685 et
1161 3612 1302 3683 ahsnon·

336 3731 421 3816 dita,
443 3754 507 3805 neo
528 3732 548 3805 ὸ
569 3734 737 3828 pentulipo
752 3756 945 3821 marmure,
972 3735 1033 3806 sed
1049 3734 1144 3806 evili
1155 3735 1301 3809 conflata

314 3958 318 3970 ,
335 3877 448 3951 gypso
463 3854 515 3952 (l)
530 3857 667 3931 assidue
680 3866 794 3939 tamen
816 3857 1013 3946 inviserem,
1029 3858 1159 3962 uoelesti
1175 3881 1297 3932 eorum

323 4145 337 4164 .=
376 4102 417 4181 (ι)
438 4104 545 4176 Graecis
564 4102 739 4182 petentibus,
753 4123 830 4161 anno
846 4104 930 4188 1846,
950 4115 982 4160 ut
995 4101 1031 4161 ab
1046 4102 1160 4182 Elginio
1175 4101 1293 4175 ablatae,
