3098 5206
647 764 807 814 -15..

250 897 399 978 teneant,
424 897 551 978 negent
574 897 688 959 autom
704 909 779 960 cam
801 909 879 959 cum
904 886 1007 958 tratre
1025 889 1108 959 vere
1127 906 1214 960 con-

245 1018 412 1106 junctam,
429 1022 552 1107 utpote
563 1033 644 1104 quae
658 1010 844 1083 thalamum
863 1012 1039 1105 reliquerit
1053 1022 1088 1084 et
1100 1011 1145 1084 ad
1159 1034 1215 1106 pa

249 1149 337 1212 trem
354 1140 476 1211 lovem
497 1134 594 1206 salva
611 1135 804 1228 contugerit
824 1135 1033 1228 virginitate.
1052 1136 1140 1207 Sunt
1156 1137 1216 1208 de·
1246 1157 1249 1163 ’
1303 1123 1305 1128 ’

249 1264 369 1357 nique,
389 1261 451 1356 qui
465 1277 660 1330 memorent
672 1259 826 1331 „Vulcani
848 1260 883 1330 in
904 1260 1054 1332 Lcmniis
1068 1261 1216 1332 tornaci·

249 1386 316 1457 bus
331 1385 525 1455 Minervam
540 1383 744 1466 ,insectantis
764 1382 886 1474 etjam
905 1384 1032 1455 victam
1055 1385 1215 1472 tenentis,

250 1529 362 1580 vanos
379 1508 486 1579 luisse
506 1526 730 1597 congressum
752 1516 897 1600 tumque
912 1531 958 1580 ex
974 1508 1033 1579 illo
1056 1508 1217 1605 terraque

152 1652 157 1665 ’
251 1644 370 1705 natum
400 1633 491 1727 turpi
529 1632 781 1704 claudicatione
814 1633 1005 1704 deformem
1036 1633 1217 1706 Erichtho·

251 1758 350 1829 nium
368 1755 433 1851 (l).
453 1755 510 1827 Sic
527 1756 562 1827 in
589 1756 762 1851 plerisque
780 1757 952 1851 AEgyptiis
977 1755 1162 1847 etAttieis
1184 1767 1219 1828 et

251 1880 550 1954 Boeoticislabulis
566 1880 667 1972 virgo
687 1880 842 1952 Minerva
861 1882 991 1953 evadit.
1016 1882 1116 1966 Qudd
1134 1883 1170 1959 st
1182 1883 1217 1952 in

252 2006 352 2076 Tullii
375 2006 464 2076 libro
484 2005 528 2076 de
543 2005 674 2075 Natura
692 2006 843 2075 Deorum
863 2028 943 2076 cum
957 2007 1111 2078 Vulcano
1128 2028 1217 2078 cou-

248 2132 420 2221 Junguur,
434 2130 527 2199 huno
544 2105 748 2215 vaunnam,
765 2129 847 2200 ooeu
867 2130 987 2218 fliium,
1004 2130 1038 2200 ro
1053 2139 1105 2202 est
1119 2131 1220 2203 cote

252 2263 354 2338 stem,
375 2274 514 2344 purum,
530 2261 565 2322 et
577 2251 761 2345 Apollinis,
782 2252 850 2323 diei
873 2262 907 2322 et
922 2253 1063 2324 luminis
1076 2255 1139 2324 Dei
1156 2274 1220 2347 po·

254 2386 358 2465 trem,¹
377 2384 425 2458 et,
444 2383 484 2444 ut
503 2375 658 2446 nonnulli
674 2376 829 2446 referunt
851 2373 979 2469 (2)‚de
994 2376 1132 2466 lunone
1145 2376 1220 2450 sine

122 2536 123 2540 ¹
254 2509 351 2592 patre
368 2500 524 2591 genitum
547 2520 623 2570 osse
645 2499 992 2571 animadvertendum
1009 2509 1081 2589 est,
1106 2519 1219 2592 nequo

254 2625 289 2694 in
305 2645 348 2696 oo
362 2622 533 2694 connubio
554 2623 745 2717 quidquam
768 2624 957 2716 essequod
978 2626 1220 2718 prostrauisse

253 2767 345 2818 mam
362 2748 447 2818 Deae
463 2757 591 2819 uostrae
614 2757 772 2819 naturam
786 2749 988 2842 corruperit.

302 2871 357 2941 Ad
389 2871 465 2941 haec
484 2871 616 2943 accedit
638 2872 733 2965 quod
754 2873 912 2944 Minerva
939 2873 1157 2944 matrimonio
1187 2886 1222 2945 ct
1247 2946 1252 2955 ,

255 2994 361 3081 viris,
384 3005 484 3065 terrae
506 2995 634 3067 scilicet
659 2996 907 3090 elementisque
925 2996 1158 3083 inferioribus,
1182 3007 1220 3068 ut

255 3116 460 3188 doctissimis
470 3119 581 3212 placet
593 3117 852 3211 interpretibus
867 3117 1087 3214 advorsa(3),
1097 3141 1166 3192 non
1176 3120 1219 3192 de

257 3240 394 3311 feminae
408 3251 507 3313 utero
520 3241 635 3314 scdde
647 3242 742 3313 lovis
756 3241 867 3336 ipsius
879 3254 1083 3335 percussaet
1101 3253 1219 3338 aperta

294 3557 334 3635 (ι)
355 3556 452 3626 Hom,
471 3555 555 3616 lliad.
578 3557 613 3631 ll,
637 3578 664 3616 v.
686 3559 767 3626 suu:
789 3556 848 3618 τέκε
870 3557 898 3631 δὲ
918 3556 1039 3638 ζείδωρος
1051 3554 1166 3637 (ἄρουρα.
1181 3588 1219 3604 -··
1319 3605 1325 3618 .

253 3667 387 3733 Pansam„
402 3667 431 3736 l,
445 3671 489 3732 ¹4·
507 3665 659 3737 llleursius‚
673 3664 821 3742 dellegno
831 3666 930 3738 attico,
942 3665 982 3737 ll,
995 3685 1021 3724 c.
1039 3685 1063 3722 1.
1074 3696 1113 3708 ·-
1122 3664 1220 3742 Biogr.

256 3770 403 3843 Univers.‚
417 3783 436 3830 t.
450 3769 497 3843 55,
509 3781 566 3832 art.
579 3770 722 3830 Minerve.

295 3876 331 3953 (a)
353 3876 525 3954 Apollndnr.
538 3875 688 3950 Biblioth.,
703 3875 754 3934 tib.
766 3877 793 3948 l,
807 3897 831 3934 c.
846 3877 882 3935 3.*

294 3981 336 4060 (3)
358 3984 493 4055 Creuzcr,
519 3983 610 4062 Relig.
627 3996 694 4056 ant,
716 3983 790 4042 trad.
817 3983 917 4060 tranq„
942 3995 961 4040 t.
981 3983 1021 4058 tt,
1042 4001 1073 4060 p.
1091 3985 1161 4056 716.
1182 4017 1221 4028 -

257 4088 317 4150 Otl.
331 4087 449 4171 llliiller,
461 4089 542 4150 Man.
560 4091 653 4167 arch.,
669 4103 690 4152 t.
704 4090 741 4164 ll,
756 4095 772 4162 ς
788 4091 854 4163 377.
