3098 5206
692 781 730 794 ..
753 759 789 808 43
813 781 849 789 ,.

291 911 376 978 φασιν
397 883 459 978 (i).
488 885 542 954 Ex
571 880 640 975 qud
670 881 784 951 fabula
809 890 974 972 quautam
999 880 1091 971 apud
1122 871 1261 951 veteres¹

291 1010 416 1078 lernam
444 1005 631 1078 obtinuerit
657 1004 788 1075 Phidiae
818 1005 947 1096 Jupiter
974 1002 1152 1096 Olympius
1172 1005 1254 1074 satis

290 1150 466 1224 superque
483 1138 602 1222 patere
619 1148 813 1199 censemus,

338 1254 384 1324 At
407 1253 473 1324 nisi
491 1251 591 1323 istius
608 1252 754 1322 colossei
773 1251 945 1322 simulacri
968 1252 1078 1321 lorma
1110 1252 1253 1342 gratiam

289 1393 369 1442 cum
395 1372 521 1442 robore
547 1372 767 1461 conjunctam
804 1370 913 1440 oculis
935 1369 1132 1456 obtulisset,
1167 1369 1256 1440 hanc

290 1497 387 1569 Iovis
407 1495 580 1567 Homerici
594 1497 654 1587 qui
674 1496 766 1564 mitis
785 1505 837 1565 est
856 1505 890 1564 et
903 1493 1075 1586 benignus
1094 1493 1196 1563 simul
1216 1514 1256 1563 ac
1288 1573 1294 1581 ἢ

290 1620 524 1713 omnipotens,
540 1640 657 1690 reram
669 1616 819 1709 effigiem
833 1616 988 1711 praebere
1002 1638 1073 1688 nou
1087 1616 1257 1689 dixissent

290 1755 425 1817 veteres
439 1742 506 1838 (ᾖ).
522 1743 634 1828 Quam
651 1741 789 1812 Phidias
803 1741 1105 1812 mansuetudinem
1120 1752 1154 1814 et
1176 1763 1256 1834 gra-

291 1868 374 1939 tiam
393 1888 460 1938 uon
474 1867 592 1937 solum
610 1865 771 1936 mollibus
792 1865 862 1935 oris
882 1863 994 1935 divini
1012 1863 1194 1965 arridentis
1212 1865 1258 1935 le-

296 1989 388 2062 viter
409 1987 644 2074 lineamentis,
676 1998 713 2057 ιιι
748 1987 948 2080 probabile,
982 1988 1043 2059 sed
1072 1988 1258 2084 gratiarum

296 2105 479 2206 figurisbis
495 2111 530 2181 in
542 2110 668 2193 ‚throno
686 2109 732 2181 ad
742 2111 920 2182 toreuticae
935 2114 1019 2182 artis
1035 2113 1199 2202 rationeS,
1219 2123 1259 2184 ut

290 2246 420 2308 certum
438 2244 503 2319 est,
515 2234 671 2325 sigillatis
687 2233 754 2328 (3),
769 2234 845 2304 Iovi
858 2256 972 2322 suurn,
995 2258 1170 2306 summum
1181 2238 1258 2331 qui-

291 2361 371 2433 dem
392 2370 427 2431 et
444 2360 595 2446 coeleete,
612 2358 717 2431 decus
731 2359 881 2430 induxit.

339 2483 431 2569 Quid
456 2483 559 2576 igitur
577 2482 598 2555 ὸ
616 2492 733 2555 nostra
749 2483 795 2554 de
822 2461 892 2555 hoc
906 2483 994 2554 Jove
1017 2482 1259 2577 disquisitione

289 2606 596 2679 concludendum?
612 2607 665 2677 Nil
689 2607 755 2677 nisi
773 2607 866 2678 hunc
882 2607 930 2676 ita
950 2606 994 2677 ab
1010 2605 1140 2679 artifice
1154 2630 1258 2680 cxco-

288 2732 433 2822 gitatum
447 2743 482 2804 et
497 2733 728 2825 exsculptum,
756 2730 794 2799 l⁰
812 2744 934 2802 utnon
956 2731 1083 2831 privati
1098 2753 1162 2802 nec
1183 2753 1260 2824 pro-

289 2855 354 2949 prii
373 2856 476 2928 alicui
492 2857 587 2948 genti
611 2857 784 2939 numinis,
806 2856 868 2927 sed
885 2853 950 2923 καθ’
973 2862 1045 2924 ὅλου
1062 2857 1157 2927 lovis
1174 2858 1260 2928 foret

292 2979 430 3070 imago;
449 2977 490 3048 2⁰
505 2989 544 3048 ut
557 2980 592 3048 in
607 3000 649 3049 eo
660 2979 766 3049 animi
779 2980 934 3070 perlecti,
957 2978 1059 3048 idest
1077 2989 1202 3061 mente,
1223 2981 1257 3047 vi

293 3102 420 3194 agendi
434 3114 468 3173 et
475 3103 687 3194 benignitate
701 3104 849 3196 praediti,
863 3088 1256 3196 eluceretpulchritud03

293 3223 331 3296 3⁰
346 3225 412 3296 ute
424 3224 559 3296 roboris
572 3226 768 3320 leporisque
781 3227 1025 3319 conjunctione
1036 3235 1071 3297 et
1088 3247 1257 3297 consensu

291 3348 438 3419 formam
457 3348 611 3420 hauriret
628 3349 905 3442 pulcherrimam.

334 3635 375 3716 (ι)
396 3635 566 3706 Pausanias,
576 3636 612 3708 V,
632 3655 717 3711 1¹29·
1110 3715 1113 3719 ,
1178 3698 1181 3710 Ι

332 3741 372 3821 (a)
395 3743 453 3802 Dio
478 3741 641 3820 Chrysost,
663 3743 713 3802 Or.
738 3762 784 3809 nn,
803 3741 839 3800 de
854 3742 908 3800 Dei
924 3740 1104 3818 cognitione,
1127 3761 1153 3818 p.
1177 3760 1258 3816 209:

297 3847 338 3906 Τὸ
353 3846 453 3928 πρέπον
466 3837 533 3914 εἶδος
547 3847 592 3907 καὶ
604 3845 651 3920 τὴν
669 3847 742 3917 ἀξίαν
758 3847 860 3928 μορφὴν
873 3851 919 3918 τῆς
936 3851 993 3904 θεοῦ
1006 3845 1104 3927 φύσεως
1120 3846 1257 3926 ἐδημιούρ-

295 3975 394 4032 γησας.
407 3997 435 4012 ..
454 3957 591 4014 κ.τ.λ.-
604 3955 721 4029 Strabo,
734 3954 784 4013 lib.
799 3955 876 4026 llll,
892 3974 918 4030 p.
937 3954 1001 4020 354.

338 4061 378 4138 (3)
398 4061 524 4119 Parrsan.
539 4064 574 4139 V,
591 4085 629 4139 rr,
646 4085 671 4135 7.
