3098 5206
659 861 819 911 ...19-

255 987 324 1050 est.
349 981 392 1053 Ut
405 981 562 1052 homiues
578 983 711 1072 doctos,
733 987 887 1073 solertes,
907 988 1160 1083 sapientesque,
1179 1001 1218 1062 ut

255 1121 319 1172 eos
334 1102 471 1193 laboris,
489 1102 677 1198 disciplinae
690 1117 723 1178 ot
738 1108 849 1179 omnis
865 1108 1007 1199 hujusce
1019 1110 1114 1203 quia
1135 1112 1217 1205 legi-

257 1222 326 1296 bus
344 1224 468 1319 pendet
485 1226 616 1298 ordinis
634 1239 789 1300 amantes
802 1231 942 1318 laceret,
957 1232 1219 1324 diligentissime

255 1347 367 1418 dabat
385 1370 536 1443 operam.
552 1354 754 1424 Benesuada
768 1356 813 1426 ob
827 1377 902 1427 eam
920 1377 993 1427 rem
1012 1357 1217 1445 habebatur,

255 1473 355 1566 quod
369 1473 451 1544 satis
470 1474 638 1567 significat
653 1498 769 1568 graeca
786 1501 851 1551 vos
869 1477 1062 1569 πολύέουλος,
1082 1505 1161 1575 quae
1183 1485 1217 1552 in

259 1597 367 1669 iliade
380 1600 504 1689 legitur
522 1626 529 1667 :

341 1749 353 1772 ν
370 1721 406 1781 Αἵ
417 1722 461 1781 κέν
478 1746 523 1800 μοι
535 1722 695 1790 πολύὸουλος
706 1723 802 1796 Ἀθήνη
815 1727 890 1794 κῦδος
903 1725 987 1807 ὀρέξῃ,
996 1737 1014 1778 ν’
1211 1799 1214 1805 ¹

307 1831 425 1925 anue
451 1840 524 1902 erat
551 1830 630 1903 fitiae
657 1833 753 1903 Jovis
774 1834 957 1926 sapientia,
976 1842 1016 1904 ut
1043 1856 1119 1905 eam
1147 1835 1222 1928 ipse

260 1965 450 2042 vereretur,
473 1965 509 2026 et
528 1979 636 2049 quum
655 1958 771 2028 caeteri
789 1980 909 2042 omnes
928 1959 982 2030 Dii
1005 1981 1094 2052 qnos
1119 1958 1221 2030 vche

257 2088 393 2150 menter
404 2078 669 2173 reprehenderat
679 2081 844 2172 etquibus
853 2082 1152 2155 minasintonahat
1161 2092 1223 2154 ter-

260 2203 318 2272 riti
330 2204 480 2291 silerent,
496 2203 592 2295 loqui
604 2202 759 2273 Minerva
778 2226 849 2274 non
862 2204 1085 2291 dubitaverit,
1102 2204 1223 2277 filiam·

256 2348 330 2419 que
342 2335 541 2426 mansuetus
557 2336 591 2396 et
604 2326 695 2396 mitis
716 2325 910 2397 exaudierit
931 2327 1110 2398 hominum
1127 2340 1224 2423 pater

259 2425 366 2541 atque
386 2450 532 2519 Deorum
549 2470 610 2520 rex
628 2448 694 2544 (2).
713 2449 781 2520 Sed
798 2449 1003 2521 benivolens
1026 2471 1095 2520 non
1110 2452 1224 2522 minus

200 2573 205 2581 ’
258 2594 364 2665 quam
385 2582 499 2643 mente
515 2583 648 2666 potone,
668 2583 771 2645 totam
784 2574 830 2644 ad
848 2574 1024 2645 hominum
1041 2577 1225 2648 commoda

258 2705 296 2767 et
318 2695 513 2766 felicitatem
534 2696 750 2789 prudentiam
774 2717 872 2766 suam
889 2698 1124 2769 convertebat.
1149 2700 1224 2783 Qua

259 2820 364 2891 fuerit
379 2840 460 2912 erga
481 2821 711 2892 Athenienses
724 2823 879 2909 caritate,
902 2820 1057 2893 bonitate
1072 2831 1106 2893 et
1119 2821 1225 2894 hene-
1317 2906 1319 2909 .

262 2943 399 3016 liuentia
409 2944 430 3015 ὸ
440 2945 582 3016 Platone
592 2945 722 3017 discere
735 2945 825 3015 licet.
840 2944 963 3015 Narrat
977 2944 1032 3015 ille
1046 2945 1081 3014 in
1097 2945 1223 3018 Timaeo
1318 2967 1325 2982 ·

260 3068 465 3158 Minervam,
488 3079 614 3140 uteret
635 3069 714 3141 belli
732 3090 851 3140 amans
868 3080 902 3140 et
919 3070 1110 3163 sapientiae,
1132 3071 1224 3143 Atti-

259 3213 339 3264 cam
361 3202 485 3266 terram
508 3195 653 3283 elegisse
670 3192 766 3285 qudd
789 3193 834 3263 ad
855 3193 1019 3267 creandos
1043 3194 1136 3267 viros
1158 3195 1224 3289 ipsi

262 3318 345 3390 Deae
364 3316 509 3390 maxime
527 3317 656 3389 similes
673 3316 858 3388 admodum
878 3326 958 3411 apta
970 3317 1145 3389 videretur
1153 3317 1220 3412 (3).

263 3441 306 3512 Et
323 3441 358 3511 in
380 3413 500 3530 tritta}
521 3441 693 3512 Vulcanus
716 3449 750 3511 et
771 3439 925 3512 Minerva
948 3439 1071 3513 eodem
1086 3440 1223 3533 impulsi

260 3565 389 3647 studio,
402 3565 629 3637 Athenienses
640 3565 752 3636 bonos
762 3562 898 3636 efficere
910 3574 1088 3650 conantur,
1099 3566 1224 3661 ἀγαθοὺς

261 3689 495 3776 ἐμποιήσαντες,
522 3695 556 3756 et
569 3706 628 3756 eos
649 3683 695 3754 ad
709 3682 791 3753 vitae
816 3681 927 3754 civilis
947 3682 1097 3753 rationes
1116 3683 1224 3754 iniur-

262 3829 371 3897 atum,
401 3811 452 3880 ἐπὶ
479 3823 545 3879 νοῦν
578 3811 679 3878 ἔθεσαν
708 3814 764 3884 τὴν
790 3820 845 3888 τῆς
873 3810 1030 3887 πολιτείας
1053 3807 1138 3892 τάξιν
1157 3806 1221 3904 (d).

305 3970 343 4047 (r)
364 3971 455 4043 Iliad„
466 3974 502 4046 V,
515 3992 542 4030 v.
554 3973 620 4032 260.
632 4007 670 4016 -
684 3971 766 4041 thid,
777 3971 852 4043 XVI,
864 3990 889 4027 ν.
904 3973 969 4028 282.

305 4075 348 4155 (a)
369 4075 456 4150 lbid.,
468 4078 548 4152 vlll,
559 4079 665 4139 25-38.

303 4182 344 4259 (3)
367 4183 495 4241 Platonis
506 4183 639 4242 Timaeus.
651 4184 704 4243 Ed.
716 4185 828 4263 steph„
841 4205 869 4263 p.
883 4193 929 4253 nl.

303 4288 345 4367 (l)
367 4288 481 4350 Platon.
492 4288 608 4367 Critias,
623 4310 653 4368 p.
668 4311 734 4367 109·
