3098 5206
682 707 684 711 ’
755 721 912 774 -ae-

357 864 424 938 quc
438 843 544 936 galeae
563 840 651 913 latus
668 860 793 935 grypes
814 850 995 934 occupant.
1016 870 1031 904 a
1048 843 1146 914 -llt
1165 844 1310 938 primum

356 968 409 1040 his
435 967 562 1060 signis,
590 965 736 1060 sphinge
758 973 793 1036 et
809 965 993 1059 gryphus,
1015 967 1096 1038 Deae
1116 969 1255 1040 scientia
1278 980 1312 1041 et

356 1090 577 1182 intelligentia
594 1089 795 1161 declaratur.
810 1089 943 1183 Sphinx
957 1089 1049 1161 enim
1065 1090 1312 1165 divinationem

349 1194 415 1284 ‘aut
426 1210 624 1284 abscondita
641 1211 807 1284 noscendi
822 1211 911 1302 vim3
927 1233 1054 1306 grypes
1071 1215 1189 1303 solem,
1208 1215 1244 1285 id
1261 1225 1313 1288 est

355 1336 480 1416 mentis
496 1337 608 1407 lucem
624 1346 684 1407 aut
696 1335 872 1407 scientiam
889 1335 1043 1407 indicant
1060 1335 1124 1428 (l).
1141 1340 1214 1412 Hoc
1226 1340 1313 1412 Pau-

355 1459 462 1532 saniae
482 1459 701 1553 descriptioni
720 1458 927 1548 addendum,
947 1459 1040 1552 quod
1058 1460 1192 1555 Aspasii
1213 1463 1312 1535 caela·

356 1583 438 1657 toris
464 1604 600 1674 gemma
623 1592 662 1680 et
688 1581 835 1652 Atticum
858 1581 1146 1654 tetradraohmum
1176 1585 1314 1657 demon·

356 1716 476 1795 strant,
497 1706 532 1779 in
546 1705 655 1796 galeae
675 1706 992 1796 fronteequosocto
1013 1714 1176 1798 tanquam
1189 1708 1209 1778 e
1222 1729 1314 1780 cere·

357 1830 420 1902 luo
451 1831 533 1903 Deae
562 1840 780 1922 erumpentes
810 1827 965 1898 Phidiam
990 1829 1162 1917 infixisse,
1188 1833 1315 1925 quibus

358 1956 432 2028 siue
456 1955 565 2028 dubio
597 1954 750 2048 rapidam
778 1964 812 2025 et
836 1954 1013 2026 volucrem
1038 1953 1147 2027 divini
1165 1957 1315 2028 numinis

276 2139 280 2148 .
358 2079 598 2172 cogitationem
615 2079 808 2173 exprimere
828 2079 985 2151 voluerat
1002 2078 1068 2173 (ἓ).

405 2204 484 2292 Sic,
508 2205 615 2298 quum
638 2204 775 2276 metallo
799 2204 914 2275 clausa
932 2204 1027 2274 trous
1051 2204 1223 2294 ingentem
1247 2205 1316 2276 lli-

361 2349 478 2399 nervee
492 2337 640 2400 mentem
654 2349 723 2399 non
741 2328 823 2399 setis
843 2328 1067 2420 spectantium
1082 2327 1190 2399 oculis
1204 2336 1318 2403 osten·

360 2454 475 2539 deret,
496 2437 578 2524 artis
594 2473 666 2524 suae
684 2452 852 2523 miraculo
878 2453 1011 2540 galeam
1026 2451 1135 2545 ipsam
1157 2451 1313 2540 Phidias,

361 2587 399 2649 ut
417 2578 465 2648 ita
482 2577 611 2663 dicam,
631 2577 840 2668 cogitantem
857 2573 989 2648 effecit!

407 2699 633 2791 Intelligentia
664 2710 808 2792 ergoet
838 2710 953 2771 mente
990 2699 1107 2771 divina
1137 2702 1315 2794 praeditam
1386 2774 1389 2779 .

362 2824 486 2894 lecerat
504 2822 640 2894 Phidias
655 2823 856 2895 Minervam.
898 2899 900 2901 .

408 2945 464 3018 Ad
484 2947 685 3020 Pausaniam
708 2957 920 3018 revertamur
938 2946 1003 3043 (3).
1035 2976 1053 3011 u
1076 2949 1216 3021 Rectum
1235 2958 1313 3036 stet,

323 3061 325 3064 Α
364 3099 381 3134 «
403 3072 513 3166 pergit
531 3073 600 3161 ille,
623 3072 789 3171 Minervae
806 3073 954 3164 siguum,
976 3094 1054 3144 oum
1075 3071 1188 3144 tunica
1205 3073 1314 3145 talari.

365 3193 508 3290 «Cujus
528 3195 564 3264 iu
577 3202 721 3288 'pectore
735 3195 929 3266 ‘eburneum
956 3204 1007 3266 est
1024 3194 1175 3266 Medusae
1199 3204 1315 3288 caput.

364 3348 381 3383 a
404 3318 1200 3413 EstquoqueVictoriaeubitorumferequetuor
1213 3320 1319 3410 :jacet

270 3631 272 3635 ἲ
404 3551 441 3627 (ι)
465 3535 580 3624 Creuz„
597 3549 656 3608 lter.
672 3562 742 3621 ant,
760 3560 778 3609 t.
802 3550 841 3622 ll,
856 3570 886 3626 p.
910 3551 1051 3622 727.-E.
1074 3548 1178 3620 David,
1192 3524 1317 3624 Jupiter,
1392 3550 1400 3563 ¹

283 3705 286 3715 .
362 3654 541 3715 Recherches
554 3675 603 3714 sur
615 3675 648 3714 ce
660 3654 737 3728 dieu,
751 3675 801 3714 sur
817 3675 868 3713 sou
888 3655 964 3714 culte
978 3668 1007 3714 et
1021 3675 1071 3712 sur
1085 3657 1125 3713 les
1138 3667 1318 3713 monuments

258 3839 260 3843 ι
363 3763 414 3840 qui
427 3762 454 3822 le
465 3762 677 3841 representem,
693 3775 713 3820 t.
726 3761 764 3835 ll,
777 3782 805 3840 p.
822 3760 890 3834 573.
902 3762 994 3834 Puris,
1009 3761 1092 3819 1833.

401 3867 444 3948 (n)
465 3869 528 3930 vid.
549 3870 635 3941 Quat.
653 3869 690 3929 de
706 3869 830 3945 Quincy‚
848 3868 963 3944 Jupiter
979 3868 1106 3945 Olymp,
1118 3867 1236 3927 Planch.
1253 3866 1324 3945 Vlll

364 3988 393 4033 et
403 3975 453 4034 lx.
467 3976 651 4037 —Viscouti
665 3977 737 4034 Mus.
753 3975 1003 4045 Pio-Clement.,.t.
1016 3975 1065 4046 lV,
1081 3973 1136 4033 tab.
1150 3995 1189 4032 vr.

407 4079 446 4158 (3)
468 4080 499 4140 t..
513 4082 531 4139 l.
