3098 5206
625 860 663 870 ..
686 843 719 893 31
744 865 783 877 ..

220 969 298 1057 jure
316 988 358 1036 eo
381 966 502 1036 merito
520 966 625 1035 enimi
644 966 933 1059 pulchritudinem
952 984 1054 1056 supra
1077 982 1181 1056 quem

224 1091 308 1161 nihil
327 1090 514 1182 excogitari
533 1098 658 1183 potest,
684 1090 720 1160 id
736 1101 787 1161 est
808 1091 881 1158 αὐτὸ
901 1071 1057 1158 καθἀὺτὸ
1074 1088 1181 1173 καλὸν,

225 1216 260 1284 in
287 1215 419 1286 Phidiae
441 1213 605 1285 Minervae
629 1214 727 1284 vultu
752 1211 871 1284 divino
894 1223 972 1282 oum
1001 1210 1184 1304 splendore

229 1339 398 1409 effulsisse
416 1336 540 1408 dicem.

654 1548 756 1642 §ru
863 1518 867 1524 ’

353 1740 393 1796 De
408 1739 577 1797 Graeeorum
593 1737 741 1795 communi
753 1752 865 1795 necnon
877 1738 961 1795 vario
974 1737 1056 1797 Jove.

274 1939 327 2010 Ad
341 1936 540 2034 Olympium
552 1938 673 2009 Jovem
686 1960 777 2009 uuuo
788 1940 980 2012 veniemus.
995 1940 1063 2013 Sed
1076 1941 1188 2035 prius·

115 2112 122 2120 .
226 2064 331 2156 quem
358 2063 402 2135 de
431 2062 497 2131 hoc
523 2060 705 2131 simulacro
731 2061 954 2152 disseramus,
981 2067 1058 2158 quis
1087 2067 1188 2139 fuerit

226 2186 432 2272 eommunis,
448 2195 484 2256 et
504 2184 582 2276 quis
602 2184 721 2255 verius
737 2186 937 2258 Graeeorum
948 2188 1079 2282 Jupiter
1090 2189 1189 2262 snm-

230 2313 347 2382 metim
366 2308 560 2380 dicendum.

278 2435 364 2509 Tres
376 2433 609 2505 numeravisse
621 2434 725 2505 Joves
742 2434 921 2524 theologos
938 2435 1030 2528 opud
1041 2435 1189 2507 Tullium

230 2559 391 2650 legimus3
415 2559 579 2652 equibus
599 2561 748 2652 primum
767 2569 802 2630 et
819 2559 1007 2630 seeundum
1032 2569 1133 2653 natos
1154 2561 1190 2632 iu

198 2674 390 2770 'Arcadia
427 2684 572 2755 alterum
603 2693 701 2777 patre
734 2683 890 2773 AEthere,
920 2685 1065 2755 alterum
1095 2694 1192 2778 petre

228 2807 345 2895 Coelo;
363 2808 498 2881 tertium
519 2809 728 2898 Cretensem,
755 2809 891 2880 Saturni
907 2807 1025 2880 'filium
1047 2808 1112 2904 (t).
1127 2811 1192 2905 His

230 2931 442 3022 adjiciendus
457 2932 589 3025 Jupiter
606 2932 664 3003 ille
681 2952 785 3024 quem
798 2931 1013 3003 Dodonaeum
1032 2943 1067 3003 et
1079 2933 1191 3005 Peles

230 3055 344 3146 giem
359 3065 461 3126 vocet
477 3057 646 3128 Homerus
660 3055 725 3149 (2).
745 3057 787 3128 Hi
806 3077 927 3129 omnes
942 3058 1035 3129 houd
1048 3059 1192 3130 multum
1286 3079 1288 3083 ’

231 3178 275 3249 eh
301 3179 476 3251 elementis
501 3180 534 3250 in
561 3180 731 3274 principio
756 3181 972 3252 differebant.
993 3183 1031 3253 ln
1047 3183 1194 3256 Arcano

230 3313 331 3375 natos
351 3306 496 3374 eltemm
515 3304 634 3391 aether,
649 3307 795 3388 alterum
814 3307 952 3396 coelum,
974 3307 1010 3378 id
1030 3318 1081 3380 est
1098 3307 1193 3378 eltis·
1228 3317 1231 3323 ’

132 3448 137 3453 ·
232 3427 1194 3522 simeetigueeneturequeeterremiuvolvitoiroumfuse,

91 3562 94 3569 '
158 3598 175 3625 .
232 3561 409 3642 genuerat.
432 3553 470 3621 lu
489 3551 635 3623 Arcadii
658 3551 788 3645 Jupiter
808 3545 949 3646 Ly'eaeus
971 3554 1162 3626 vocabatur
1186 3581 1194 3623 ε

233 3685 268 3746 et
286 3676 406 3771 lupum
433 3676 526 3770 apud
546 3676 725 3769 AEgyptios
751 3677 836 3747 lucis
861 3687 920 3748 eut
946 3678 1034 3769 iguis
1059 3676 1195 3769 siguum

234 3799 338 3871 tuisse
355 3810 495 3872 oeuseut
508 3802 711 3893 interpretes
725 3799 793 3895 (3).
809 3801 908 3886 Quod
924 3801 968 3873 ed
982 3800 1195 3874 Dodouaeum

276 3999 317 4080 (ι)
338 4000 439 4075 Cicer„
459 4002 495 4061 de
506 4005 571 4064 Nat.
582 4005 725 4083 Deorum,
737 4005 789 4077 111,
805 4023 850 4060 αι.

278 4104 316 4188 (s)
338 4107 433 4179 ltiad„
448 4108 522 4179 XVI,
533 4130 560 4168 v.
575 4112 643 4173 233.

280 4209 317 4292 (3)
341 4212 455 4287 Coeum,
466 4213 524 4272 tter.
539 4227 607 4288 ent,
620 4216 694 4274 trad.
706 4215 803 4293 franp,
816 4228 835 4277 t.
848 4215 884 4290 ll,
895 4235 926 4293 p.
941 4215 1008 4275 532.
