3098 5206
682 797 720 807 -
741 774 774 824 61
801 797 840 808 ....

274 895 371 987 gredi
390 905 424 968 et
447 894 652 985 ascendere;
678 895 748 989 qud
769 917 848 967 cum
872 895 973 966 luerit
993 896 1120 986 elatus,
1147 897 1239 968 illius
1323 926 1328 941 ·

274 1021 383 1092 oculis
398 1021 512 1092 subito
527 1041 680 1112 praesens
696 1021 808 1092 aderit
823 1030 953 1092 aeterna
975 1021 1050 1115 ipsa
1071 1043 1151 1114 quae
1166 1042 1238 1092 non

274 1155 354 1217 nuta
385 1156 453 1234 est,
483 1165 725 1238 necunquam
754 1144 901 1238 peribit,
926 1166 1005 1238 quae
1027 1166 1092 1216 nec
1115 1145 1239 1216 crescit

273 1292 339 1341 nec
355 1269 536 1356 minuitor;
553 1269 608 1340 cui
622 1290 686 1341 nee
703 1279 756 1340 est
769 1269 917 1341 videnda
931 1270 1056 1357 lorma,
1074 1291 1139 1341 nec
1159 1269 1238 1340 vul·

276 1403 346 1481 tus,
370 1413 434 1463 nec
462 1414 605 1481 manus3
631 1413 711 1484 quae
726 1392 878 1481 tandem,
896 1393 1040 1465 immota
1061 1402 1096 1465 et
1114 1392 1240 1464 suimet

275 1539 410 1611 semper
423 1517 555 1602 similis,
569 1517 732 1589 nihilnisi
746 1519 838 1588 Deus
852 1519 926 1611 ipse
939 1528 991 1590 est
1005 1518 1236 1613 pulchritudo.

275 1644 382 1733 Cujus'
406 1643 452 1714 ad
469 1654 647 1739 qpectum
670 1643 717 1713 ita
744 1641 1022 1715 commovebitur
1054 1653 1090 1713 et
1117 1642 1239 1715 divino

275 1767 447 1840 afflabitur
459 1767 611 1856 numine,
628 1777 666 1836 ut
674 1788 720 1837 ex
731 1764 823 1837 illius
838 1777 952 1838 mente
961 1776 995 1838 et
1005 1767 1135 1855 animo,
1151 1766 1239 1838 miro

275 1893 425 1985 quodam
445 1902 628 1987 proventu,
649 1914 718 1963 non
736 1893 902 1962 virtutum
921 1893 1065 1985 species,
1082 1892 1144 1964 sed
1156 1913 1239 1964 veru

275 2018 479 2110 sinceraque
497 2025 657 2086 nascatur
678 2015 788 2085 virtus
805 2014 871 2109 (l).

324 2140 425 2224 Quod
440 2138 469 2208 si
483 2160 576 2208 nuuc
598 2136 643 2208 de
661 2139 802 2209 Platone
823 2138 869 2208 ad
889 2138 1044 2209 Phidiam
1062 2159 1127 2209 nos
1146 2140 1240 2211 rele-

275 2283 412 2345 ramus‚
428 2263 569 2353 ejusque
586 2260 703 2355 primis
719 2261 763 2332 ab
782 2260 881 2331 anuis
900 2259 945 2331 ad
960 2269 1170 2332 senectutem
1191 2272 1240 2333 to-

181 2386 184 2393 ‘
276 2399 348 2457 tum
363 2407 425 2480 per
437 2386 519 2456 vitae
533 2385 681 2480 spatium
691 2386 840 2476 vestigia
858 2407 1054 2479 sequamur,
1074 2408 1162 2480 pene
1175 2388 1239 2459 hos

276 2510 415 2582 eosdem
431 2532 493 2604 per
511 2510 640 2601 gradus
662 2531 749 2604 quos
775 2509 970 2583 numeravit
992 2511 1066 2604 ipse
1086 2511 1240 2604 philoso-

277 2635 388 2729 phus,
405 2635 568 2709 artificem
582 2645 737 2708 nostrum
753 2635 797 2708 ad
814 2635 969 2707 ultimam
986 2636 1068 2706 artis
1082 2657 1155 2706 soae
1170 2657 1241 2708 me-

276 2774 344 2834 tam
364 2762 500 2834 vonisse
522 2760 663 2855 patebit.
695 2760 868 2854 Principio
890 2760 982 2831 enim
1013 2760 1048 2829 in
1075 2760 1240 2852 Ageladae

275 2888 460 2978 ergasterio
473 2886 677 2957 athletarum
696 2884 905 2975 imaginibus
921 2883 1129 2955 fabricandis
1145 2885 1241 2956 incu-

275 3007 363 3096 buit,
397 3009 516 3101 sicque
541 3008 763 3101 pulchrorum
790 3027 859 3077 non
890 3016 1006 3078 mente
1032 3007 1176 3100 quidem
1205 3017 1242 3080 et

277 3132 407 3222 anim0,
424 3131 486 3202 sed
505 3131 638 3202 viribus
652 3141 784 3202 tantum
796 3131 1038 3203 etvaletudine
1056 3153 1240 3227 corporum

274 3241 398 3328 lormae
429 3254 568 3326 studuit.
600 3256 683 3327 Mox
697 3264 812 3327 autem
837 3255 1018 3328 adheroas
1038 3256 1127 3326 inter
1151 3277 1241 3349 quos

277 3380 464 3452 Miltiadem
477 3379 687 3467 invenimus,
708 3381 866 3472 Deosque
880 3390 915 3452 et
932 3381 968 3451 in
987 3380 1106 3474 primis
1119 3380 1163 3451 ad
1176 3381 1242 3453 Mi-

277 3523 441 3594 nervam,
466 3503 586 3591 idest,
609 3503 654 3575 ad
672 3504 778 3592 animi
800 3504 929 3591 decue,
950 3502 1165 3597 effingendos
1187 3507 1241 3576 in·

278 3629 399 3701 tendit.
429 3629 619 3700 Minervam
650 3637 765 3700 autem
801 3630 911 3723 ipsam
939 3630 1168 3701 Promaehum
1206 3642 1241 3703 et

278 3755 403 3826 Aream
417 3755 578 3849 primum,
597 3754 787 3849 praesertim
806 3755 935 3825 scilicet
955 3753 1082 3846 agendi
1096 3755 1132 3826 vi
1147 3776 1242 3850 prae-

319 3952 359 4029 (r)
383 3951 486 4023 Plato,
509 3949 701 4026 convivium,
722 3967 751 4026 p.
768 3966 843 4005 212:
864 3943 972 4006 Τίκτειν
990 3946 1038 4005 οὐκ
1056 3943 1154 4005 εἴδωλα
1176 3946 1240 4026 ἀρε-

278 4059 385 4127 τῆς...

280 4163 339 4221 ἀλλ’
352 4163 454 4249 ᾆληθῆ,
474 4204 520 4220 ...
537 4184 561 4220 κ.
572 4184 596 4218 τ.
608 4162 632 4218 t.
