3098 5206
511 1511 692 1656 ooro
731 1509 997 1623 namna

325 1865 617 2010 PLATO
686 1859 1187 2009 DEBUERITr

658 2195 859 2225 -οοο-

327 2523 427 2593 Nntta
440 2543 496 2594 rea
507 2533 560 2594 est
573 2523 609 2592 in
626 2522 722 2593 omni
738 2535 878 2604 natura,
895 2543 1009 2617 neque
1027 2543 1072 2593 ex
1096 2523 1244 2616 hisquae

281 2647 325 2720 ad
342 2668 502 2740 corpora,
526 2668 640 2740 neque
658 2668 706 2718 ex
725 2647 780 2717 his
806 2669 886 2740 qnae
906 2646 952 2719 ad
969 2657 1120 2719 mentem
1140 2642 1246 2742 perti-

281 2783 376 2860 nent,
398 2793 479 2866 qoae
500 2769 521 2842 e
542 2771 649 2842 nihilo
664 2771 710 2842 ad
728 2771 849 2859 vitam,
867 2772 887 2843 e
905 2772 1056 2844 tenebris
1076 2773 1122 2844 ad
1135 2774 1246 2844 iucem

281 2897 465 2989 derepente
480 2905 647 2989 erumpat.
663 2895 707 2967 Ut
725 2896 760 2966 in
777 2896 1004 2989 praesentibus
1019 2897 1132 2967 sutura
1147 2880 1248 2968 invo-

282 3022 353 3092 luta
373 3022 490 3109 latent,
513 3021 563 3092 sic
580 3021 616 3090 in
637 3021 819 3113 praeteritis
835 3021 1020 3117 praesentia
1039 3022 1119 3092 olim
1136 3023 1248 3093 conti-

283 3145 466 3231 nebantur,
482 3145 529 3215 ita
551 3145 698 3215 utnulla
718 3144 763 3215 sit
787 3146 886 3239 quae,x
915 3145 979 3216 nisi
1001 3144 1152 3238 poetice,
1174 3145 1249 3216 sine

283 3279 391 3341 matre
406 3279 520 3341 creata
537 3271 654 3363 proles
669 3269 738 3340 dici
761 3270 881 3363 possit.
910 3268 955 3340 At
980 3269 1017 3340 id
1037 3291 1175 3364 qnoque
1204 3270 1249 3342 de

282 3392 417 3486 scriptis
437 3393 721 3487 philosophorum
747 3394 869 3465 merito
887 3394 1073 3466 affirmabit
1100 3395 1260 3494 aliquis;⁴

284 3534 318 3591 et
338 3519 407 3614 qud
429 3519 542 3607 altior,
558 3519 628 3612 qud
649 3519 762 3610 magis
780 3519 855 3589 veri
872 3519 1069 3612 propinqua
1084 3530 1119 3589 et
1136 3520 1252 3591 admi-

283 3645 417 3716 ratione
435 3643 541 3735 digna
556 3643 694 3714 videtur
707 3642 878 3731 doctrina,
895 3643 938 3714 ed
959 3643 1115 3737 pluribus
1128 3640 1249 3732 annis,'

284 3767 327 3840 ed
341 3766 530 3859 majoribus
540 3767 730 3837 multorum
744 3767 960 3858 ingeniorum
973 3766 1154 3838 conatibus
1167 3789 1254 3862 opus

286 3894 350 3963 fuit
367 3903 405 3964 ut
421 3892 548 3963 sensim
562 3892 738 3964 elaborata
756 3903 925 3963 cresceret
939 3903 973 3962 et
986 3891 1123 3964 tandem
1146 3893 1254 3964 abso-

286 4017 358 4088 luta
372 4028 452 4089 ante
464 4019 619 4088 omniurn
635 4006 757 4088 oculos
777 4016 1036 4110 produceretur.

336 4143 448 4226 Quum
461 4151 575 4213 antem
588 4142 680 4214 iliam
689 4141 840 4214 Platonis
851 4141 895 4212 de
909 4141 1053 4235 pulchro
1065 4142 1256 4213 doctrinam

845 4271 847 4275 ⁴
1116 4272 1127 4319 t
