3098 5206
689 841 729 850 ..
751 815 786 866 35
808 837 848 850 ..

287 939 400 1024 bruun,
420 939 456 1008 in
474 958 545 1030 quo
562 938 624 1006 Dei
641 937 779 1028 signum
792 935 927 1006 Bueeho
950 934 1160 1005 simillimum
1180 958 1248 1029 po.-

287 1069 402 1131 sueret
426 1057 617 1150 Polycletus
636 1055 702 1151 (1).
727 1055 900 1148 Alipherae
925 1063 1039 1124 eutem
1068 1055 1251 1129 Lecheates

286 1183 479 1267 dicebatur,
501 1182 521 1252 ai
544 1201 659 1272 greeoo
681 1180 789 1251 verbo
810 1183 919 1275 λέχος,
945 1177 1041 1270 quod
1061 1179 1250 1254 Minervam

290 1305 477 1400 peperisset
498 1305 563 1397 (2).
587 1305 686 1375 Hunc
707 1304 913 1375 salvatorem
936 1302 1144 1378 invocabant
1162 1303 1251 1374 Mes·

289 1425 375 1502 senii
391 1426 457 1523 (3),
478 1427 605 1520 aliique
621 1427 696 1498 aliis
713 1426 912 1498 nominibus
930 1447 1010 1520 quae
1025 1426 1054 1497 si
1068 1427 1184 1498 omniu
1201 1449 1253 1497 re·

290 1551 378 1618 ferre
391 1548 507 1632 veiim,
522 1547 585 1616 vix
598 1545 801 1639 numerandi
822 1543 927 1617 finem
945 1546 1080 1617 facium.
1104 1576 1106 1580 ·

338 1673 431 1763 Ergo
447 1682 486 1742 ut
509 1692 572 1741 suu
595 1670 917 1763 cuique’Miuerua‚
947 1671 996 1741 sio
1021 1691 1105 1741 suus
1129 1673 1254 1764 cuique

291 1793 353 1862 tuit
369 1792 570 1863 Graeoorum
588 1790 683 1880 genti
698 1789 842 1884 Jupiter.

730 2015 817 2106 sv.
923 2080 926 2085 ,

357 2243 429 2312 Quis
440 2254 469 2298 et
480 2243 539 2318 quui
555 2238 653 2296 indole
664 2238 754 2296 fuerit
767 2236 881 2297 Phidiae
893 2238 1008 2316 Jupiter
1022 2212 1185 2314 ¹Olympius.

341 2416 439 2502 Quod
452 2416 496 2487 de
512 2415 641 2486 Phidiae
653 2415 739 2485 Jove
757 2434 828 2484 non
842 2413 936 2484 certo
957 2413 1069 2483 minus
1091 2414 1195 2507 quim
1213 2414 1258 2484 de

209 2563 211 2568 ·
293 2540 324 2607 M
329 2537 448 2609 iuervi
462 2538 674 2610 asseveravit
689 2535 828 2624 Tullius,
846 2537 880 2608 id
898 2548 950 2608 est
972 2536 1039 2607 hoo
1054 2536 1194 2629 signum
1212 2537 1258 2609 ud

233 2678 237 2687 ·
295 2661 483 2754 platonicus
493 2659 642 2731 rationes
653 2660 978 2750 (multisuutequam
989 2679 1090 2730 suum
1102 2659 1258 2752 scripsis-

293 2793 345 2853 set
361 2783 456 2853 Plato
467 2781 673 2852 Conuiuium
688 2781 813 2876 annis),
836 2781 1071 2870 excogitatum
1082 2791 1117 2851 et
1128 2782 1259 2853 coniec-

293 2917 366 2975 tum
380 2907 497 2996 fuisse,
513 2927 582 2976 uon
598 2906 722 2978 desunt
739 2906 798 2999 qui
814 2927 934 2977 verum
953 2915 1115 2976 censeant
1127 2905 1167 2977 ¹et
1183 2906 1256 2978 dio·

294 3031 405 3100 titent.
426 3030 521 3114 Quos
539 3030 627 3100 inter
646 3029 811 3113 Quiuoius
834 3038 950 3099 noster
964 3037 998 3098 et
1016 3027 1070 3098 Ot.
1091 3029 1254 3102 Mulierus

295 3153 449 3246 inprimis
461 3164 540 3225 suut
551 3153 752 3226 numerandi
767 3151 830 3248 (4).
848 3154 931 3223 Haeo
946 3162 1061 3225 autem
1074 3153 1163 3225 iuter
1175 3155 1257 3226 artis

295 3273 472 3343 toreutieae
487 3272 676 3367 prinoipem
701 3284 735 3344 et
762 3273 1004 3366 philosophum
1030 3273 1191 3365 coguatio
1220 3274 1255 3346 iu

296 3417 367 3489 quo
381 3395 556 3491 praecipue
577 3396 741 3467 oonsistat
762 3418 868 3489 quum
891 3396 973 3467 setis
994 3405 1110 3488 aperte
1136 3404 1257 3467 neuter

295 3523 549 3608 monstraverit,
561 3520 598 3592 id
608 3531 647 3590 ut
658 3521 879 3609 deMinervu,
892 3520 1252 3614 siequoquedelove,

338 3759 374 3834 (ι)
396 3756 611 3824 Pauson.‚vnt,
629 3757 676 3827 31,
688 3764 715 3822 t.

338 3863 378 3938 (π)
402 3858 453 3936 Ιά.’,
466 3863 542 3932 vm,
557 3864 604 3934 26,
620 3863 646 3919 6.

340 3965 378 4046 (3)
400 3969 616 4044 Paus.,1v,21‚
633 3973 661 4026 6.

340 4073 377 4150 (t)
399 4076 586 4144 Quatremere
598 4076 634 4134 de
647 4076 771 4151 Quiney‚
781 4075 897 4154 Jupiter
907 4075 962 4145 01„
975 4095 1002 4151 p.
1018 4083 1083 4143 υἱ..
1094 4107 1134 4120 -
1147 4075 1261 4137 Otfried

300 4181 416 4253 notter,
433 4180 469 4238 de
481 4180 593 4239 Phidiae
605 4182 673 4252 virt,
685 4182 889 4241 commentatio
901 4183 1000 4254 alteru,
1019 4203 1048 4261 p.
1064 4184 1168 4242 62-63.

1138 4307 1165 4356 ³.
