3098 5206
692 749 848 800 ..21-

293 877 563 967 uniuscujusque
577 874 639 943 Dei
653 885 737 944 ortae
755 885 835 944 sunt
852 876 971 944 formae
984 881 1019 943 et
1033 874 1164 966 speeies
1179 873 1255 966 qui·

253 976 256 984 λ
292 1004 357 1074 bus
383 1001 494 1096 posita
520 1010 600 1069 sunt
624 999 825 1083 simulacra,
853 998 1045 1090 templaque
1068 995 1251 1068 aedificata.

293 1127 370 1197 Non
384 1126 449 1197 alio
468 1124 551 1194 nata
569 1132 620 1193 est
639 1122 742 1193 modo
758 1123 937 1215 multiplex
952 1121 1008 1192 illa
1027 1121 1182 1192 Minerva
1200 1121 1255 1192 cui

291 1251 460 1345 permulta
478 1247 618 1318 nomina
640 1245 811 1340 adscripta
832 1248 866 1316 in
881 1255 1036 1318 velerum
1053 1245 1150 1315 libris
1168 1246 1255 1337 legi·

291 1396 379 1444 mus.
412 1373 543 1442 Horum
575 1371 740 1440 nonnulla
770 1369 826 1440 hic
856 1381 1037 1441 numerare
1070 1390 1141 1439 non
1169 1369 1255 1440 mibi

290 1517 578 1592 supervacaneum
598 1494 754 1583 videtur,
777 1495 847 1587 qub
868 1495 987 1565 melius
1007 1496 1120 1564 varias
1135 1503 1170 1564 et
1186 1495 1255 1587 pri-

292 1632 389 1692 vatas
409 1622 582 1692 Minervas
603 1619 647 1689 ab
669 1618 726 1690 illa
747 1641 851 1711 quarn
875 1618 1016 1712 sculpsit
1033 1617 1171 1688 Phidias
1192 1619 1254 1688 Μί-

291 1744 398 1816 ncrva
416 1746 608 1817 discernere
624 1744 808 1836 possimus.
1165 1741 1167 1744 ’

187 1842 190 1848 ’
341 1869 484 1940 Athenis
497 1890 567 1939 non
580 1869 703 1954 solum,
720 1876 757 1937 ut
769 1869 840 1958 jam
854 1866 1019 1954 vidimus,
1031 1864 1253 1950 Promacbus‚

294 1991 357 2061 sed
379 1967 494 2061 Polias
512 1991 614 2060 etiarn
639 1989 817 2059 colebatur
839 1991 995 2061 Minerva
1021 1988 1086 2084 (l).
1117 1991 1199 2060 Erat
1218 1989 1254 2059 in

292 2134 371 2183 arce
385 2113 519 2206 Hygiae‚
531 2110 770 2200 sive‘Medicae,
781 2133 917 2182 aeneum
927 2112 1094 2183 Minervae
1101 2111 1253 2202 signum,

293 2233 429 2303 Phidiae
446 2254 533 2326 opus
556 2231 719 2303 aPericle
737 2233 907 2324 positum,
923 2233 1019 2325 quod
1040 2255 1085 2303 ex
1108 2235 1176 2304 allo
1193 2233 1254 2304 de-

295 2357 429 2447 lapsum
452 2363 487 2424 et
507 2362 733 2442 aegrotantem
754 2353 966 2443 Mnesiclcm,
988 2354 1047 2446 qui
1077 2355 1257 2448 Propylaea

293 2455 505 2564 exstruebat,
521 2476 721 2570 praescripto
733 2475 885 2547 remedio
895 2478 966 2546 Dea
980 2475 1174 2547 sanavisset
1187 2475 1254 2570 (9)

292 2602 465 2691 Erganam
483 2623 624 2695 quoque
642 2599 870 2671 Athenienses
883 2601 1059 2671 habebant
1076 2598 1147 2695 (3),
1173 2622 1256 2671 nec·

293 2747 365 2796 non
381 2747 455 2796 earn
471 2747 575 2818 quam
595 2724 818 2797 Cleiducbum
833 2733 934 2796 vocat
957 2724 1103 2813 Plinius
1125 2723 1256 2796 Phidiae

294 2871 380 2942 opus
402 2859 436 2920 et
456 2872 560 2941 quarn
580 2849 750 2939 clavium,
775 2850 812 2919 id
835 2860 887 2920 est
904 2849 1031 2920 aedium
1053 2861 1087 2920 et
1106 2851 1255 2943 templo·

295 3000 391 3062 rum,
409 2977 585 3047 custodem
607 2977 714 3047 fuisse
728 2976 898 3067 conjicere
917 2996 986 3045 non
1007 2975 1109 3046 nimis
1129 2986 1256 3057 temere

293 3121 475 3194 possumus
502 3098 567 3194 (l).
600 3101 639 3170 ln
674 3099 789 3169 multis
818 3100 963 3170 Boeotiae
989 3099 1133 3170 urbibus
1159 3109 1256 3170 erant

295 3224 421 3315 templa
443 3223 563 3294 ltoniae
577 3224 764 3328 Minervaex,
786 3243 856 3314 quo
876 3221 984 3292 verbo
1003 3244 1079 3293 eam
1102 3222 1254 3294 altricem

296 3346 401 3418 luisse
425 3345 652 3437 significatum
674 3347 796 3418 asserit
815 3345 1015 3417 Creuzerius
1035 3343 1102 3439 (5).
1129 3346 1255 3418 Similis

333 3553 373 3628 (1)
394 3552 530 3610 Creuzer.
546 3551 607 3610 ner.
626 3553 705 3621 Aul„
716 3564 737 3608 t.
752 3551 791 3624 ll,
807 3571 839 3628 p.
851 3552 917 3628 759.

333 3660 372 3736 (α)
393 3657 553 3730 Plutarch„
570 3657 707 3730 Pericles,
719 3659 809 3716 llenr.
825 3658 974 3737 Stephon„
994 3679 1023 3735 p.
1048 3661 1111 3731 160,
1125 3658 1198 3718 C.-
1208 3659 1254 3720 Cf.

293 3767 430 3834 Creuzer,
445 3764 519 3822 trad.
536 3764 637 3842 franc,
649 3764 765 3843 planch.
776 3765 865 3842 xcll,
879 3765 945 3824 352.

333 3870 374 3948 (3)
394 3873 531 3944 Pansam,
543 3872 565 3943 l,
578 3880 624 3943 24,
636 3874 662 3930 3.

335 3977 375 4053 lt)
396 3956 484 4047 urin,
497 3977 569 4035 nist.
588 3989 658 4054 nn,
674 3977 802 4050 xxxiv,
819 3980 847 4037 a.

342 4081 383 4160 (5)
404 4082 530 4142 Pansan.
547 4083 598 4158 ΙΙΙ,
612 4104 641 4159 9,
658 4085 701 4141 13.
713 4118 752 4128 -
763 4085 865 4142 Creuz.
877 4083 901 4144 l.
914 4083 944 4155 l.‚
957 4102 985 4160 p.
997 4082 1062 4155 756.
