3098 5206
697 843 852 894 ...20-

292 966 384 1037 Nihil
408 987 490 1059 ergo
517 965 682 1039 Minervae
705 969 813 1060 magis
839 969 996 1063 placebat
1022 991 1125 1062 quem
1150 993 1246 1043 suam

291 1091 398 1186 ipsius
415 1092 577 1180 indolem,
594 1092 756 1165 virtutem
772 1094 914 1180 scilicet,
931 1094 1131 1187 sapientiam
1146 1107 1179 1167 et
1197 1097 1252 1169 iu-

291 1216 521 1307 telligentiam,
546 1237 623 1286 eum
650 1225 753 1308 gente
775 1218 898 1289 dilecta
925 1219 1191 1292 communicare.
1214 1223 1250 1291 ln

290 1340 358 1434 qua
373 1362 411 1411 re
424 1339 532 1433 ipsius
557 1341 707 1412 numinis
734 1342 876 1412 maximi
903 1353 1045 1435 apparet
1067 1345 1190 1416 caritas
1217 1356 1250 1415 et

289 1460 526 1535 beneficentia.
548 1462 638 1547 Quid
658 1463 749 1533 enim
772 1464 907 1548 melius,
932 1464 1018 1556 quid
1049 1466 1248 1558 benignius,

233 1585 237 1595 “
289 1597 349 1657 aut
368 1587 452 1680 quid
469 1597 622 1659 materno
641 1588 750 1659 amori
772 1598 806 1659 et
825 1588 970 1659 bonitati
989 1589 1133 1660 similius
1146 1613 1250 1684 quam

289 1711 381 1804 quod
410 1712 576 1806 optimum
607 1720 641 1781 et
669 1710 952 1802 pretiosissimum
970 1721 1039 1799 est,
1056 1713 1270 1806 intelligen-‚

289 1836 467 1920 tiamdico,
480 1835 619 1925 vimque
631 1833 1250 1909 etvirtutemhominibusinfunderei

337 1960 466 2031 Caetera
493 1959 608 2029 omnia
634 1979 714 2050 quae
734 1959 901 2029 Minervae
929 1959 1166 2031 tribuebantur
1190 1961 1253 2032 ho·

289 2105 364 2152 rum
384 2103 463 2176 quae
475 2082 548 2172 jam
564 2079 753 2153 memoravi
767 2080 854 2151 nihil
867 2079 932 2151 nisi
949 2081 1057 2152 variae
1071 2083 1202 2176 speeies
1222 2095 1255 2154 et

289 2206 387 2300 quasi
400 2228 526 2299 genera
540 2215 632 2277 suut.
653 2206 776 2277 Nonne
788 2205 913 2277 etenim
933 2206 969 2276 iu
990 2206 1061 2278 Deo
1083 2207 1252 2302 quidquid

289 2332 371 2404 boni
389 2331 479 2403 inest
496 2331 516 2402 ὸ
537 2340 664 2418 mente,
687 2329 840 2425 potentia
855 2340 889 2401 et
915 2328 1067 2402 bonitate
1086 2342 1250 2426 tanquam

289 2455 309 2526 'e
326 2456 449 2551 triplici
471 2456 564 2527 loute
578 2453 717 2527 delluitl
741 2454 807 2525 Sed
829 2454 886 2524 ille
903 2476 1006 2547 quem
1031 2477 1122 2526 nune
1141 2455 1253 2548 sequi·

290 2603 367 2652 mur
380 2581 534 2651 divinam
552 2591 708 2650 neturam
732 2578 947 2672 concipiendi
969 2578 1091 2650 modus
1105 2580 1252 2673 simplex

290 2715 342 2776 est
364 2725 505 2798 prorsus
525 2713 559 2774 et
580 2702 851 2797 philosophicus,
869 2723 933 2773 nee
954 2724 1007 2792 ea,
1029 2703 1150 2797 primis
1168 2713 1253 2776 tem·

288 2828 441 2922 poribus,
460 2826 505 2898 ad
519 2825 582 2898 Dei
604 2826 780 2897 notionem
801 2825 975 2896 viaduxit
989 2826 1250 2918 investigantes.

289 2954 375 3023 Tum
397 2973 459 3046 spe
480 2962 539 3023 aut
551 2951 697 3038 timore,
714 2972 849 3044 semper
864 2950 1018 3022 utilitatis
1032 2952 1160 3039 studio,
1182 2974 1253 3024 uno

289 3076 397 3148 verbo
426 3076 665 3171 superstitione
697 3075 807 3166 magis
838 3098 943 3170 quam
975 3077 1105 3149 ratione
1138 3077 1249 3167 ducti,

288 3203 398 3272 Deum
418 3221 486 3272 non
512 3201 623 3293 qualis
649 3210 718 3287 est,
745 3198 805 3270 sed
828 3200 963 3293 qualem
989 3221 1065 3271 esse
1088 3211 1253 3295 cuperent

289 3335 349 3396 eut
370 3323 642 3413 reformidarent,
660 3323 725 3395 sibi
746 3323 862 3418 populi
882 3323 1077 3415 exnogitare
1096 3333 1131 3395 et
1151 3323 1250 3395 elfin-

289 3469 370 3540 gere
391 3445 557 3519 solebant.
588 3448 805 3540 Quapropter
823 3446 912 3517 hanc
934 3446 1086 3518 numinis
1106 3447 1178 3518 vim
1193 3458 1253 3518 aut

286 3582 487 3664 potestatem
505 3572 578 3643 sive
595 3571 781 3665 cogitandi,
801 3571 876 3642 sive
889 3571 1040 3659 creandi,
1060 3571 1134 3641 sive
1151 3592 1250 3640 mun·

287 3696 370 3767 dum
385 3706 419 3768 et
432 3696 536 3768 urbes
555 3686 770 3786 gubernandi
786 3694 940 3765 divinam
956 3693 1126 3764 laeiebant
1144 3715 1249 3788 quam

287 3819 352 3890 sibi
373 3821 491 3892 lavere
513 3831 547 3891 et
565 3817 723 3891 auxiliari
746 3818 908 3890 volebant
931 3816 996 3911 (l).
1021 3816 1107 3886 lude
1131 3817 1249 3889 multae
1348 3859 1350 3863 ι

326 4016 366 4091 (r)
388 4013 457 4083 (lie,
466 4011 502 4070 de
513 4012 579 4096 Nat.
591 4014 730 4083 Deorum,
742 4012 823 4078 2‚a3.
836 4037 847 4059 ι
860 4009 1019 4069 Utilitatem
1034 4008 1123 4088 igitur
1135 4010 1248 4088 magni-

286 4149 298 4173 «
322 4119 422 4177 tudine
439 4118 589 4175 constituti
605 4129 672 4176 sunt
684 4118 705 4174 ii
721 4116 770 4174 Dii
790 4116 840 4193 qui
855 4115 992 4175 utilitates
1004 4137 1133 4195 quasque
1145 4117 1247 4195 gigne-

284 4253 296 4278 «
318 4225 423 4284 bant.»
