<?xml version="1.0" encoding="UTF-8"?>
<!DOCTYPE html PUBLIC "-//W3C//DTD XHTML 1.0 Transitional//EN"
    "http://www.w3.org/TR/xhtml1/DTD/xhtml1-transitional.dtd">
<html xmlns="http://www.w3.org/1999/xhtml" xml:lang="en" lang="en">
 <head>
  <title>
</title>
<meta http-equiv="Content-Type" content="text/html;charset=utf-8" />
  <meta name='ocr-system' content='tesseract 3.04.00' />
  <meta name='ocr-capabilities' content='ocr_page ocr_carea ocr_par ocr_line ocrx_word'/>
</head>
<body>
  <div class='ocr_page' id='page_1' title='image "./quidphidiaeplat00lvgoog_0040.png"; bbox 0 0 3098 5206; ppageno 0'>
   <div class='ocr_carea' id='block_1_1' title="bbox 686 849 842 900">
    <p class='ocr_par' dir='ltr' id='par_1_1' title="bbox 686 849 842 900">
     <span class='ocr_line' id='line_1_1' title="bbox 686 849 842 900; baseline 0.019 -18"><span class='ocrx_word' id='word_1_1' title='bbox 686 849 842 900; x_wconf 73' lang='lat'>..29-</span> 
     </span>
    </p>
   </div>
   <div class='ocr_carea' id='block_1_2' title="bbox 205 969 1251 3154">
    <p class='ocr_par' dir='ltr' id='par_1_2' title="bbox 205 969 1249 1900">
     <span class='ocr_line' id='line_1_2' title="bbox 205 969 1244 1069; baseline -0.003 -24"><span class='ocrx_word' id='word_1_2' title='bbox 205 988 209 999; x_wconf 87' lang='lat'><strong><em>‘</em></strong></span> <span class='ocrx_word' id='word_1_3' title='bbox 290 996 368 1045; x_wconf 89' lang='lat' dir='ltr'>sum</span> <span class='ocrx_word' id='word_1_4' title='bbox 392 973 457 1069; x_wconf 83' lang='lat' dir='ltr'>(l),</span> <span class='ocrx_word' id='word_1_5' title='bbox 483 994 595 1065; x_wconf 84' lang='lat' dir='ltr'>neque</span> <span class='ocrx_word' id='word_1_6' title='bbox 615 972 728 1043; x_wconf 90' lang='lat' dir='ltr'>colum</span> <span class='ocrx_word' id='word_1_7' title='bbox 751 972 823 1066; x_wconf 76' lang='lat'><strong>(2),</strong></span> <span class='ocrx_word' id='word_1_8' title='bbox 848 992 959 1063; x_wconf 88' lang='lat' dir='ltr'>neque</span> <span class='ocrx_word' id='word_1_9' title='bbox 979 972 1150 1042; x_wconf 90' lang='lat' dir='ltr'>lucernam</span> <span class='ocrx_word' id='word_1_10' title='bbox 1172 969 1244 1066; x_wconf 81' lang='lat'><strong>(3);</strong></span> 
     </span>
     <span class='ocr_line' id='line_1_3' title="bbox 292 1090 1249 1188; baseline 0.001 -26"><span class='ocrx_word' id='word_1_11' title='bbox 292 1114 361 1164; x_wconf 92' lang='lat' dir='ltr'>non</span> <span class='ocrx_word' id='word_1_12' title='bbox 380 1094 501 1188; x_wconf 77' lang='lat' dir='ltr'>Hygiae</span> <span class='ocrx_word' id='word_1_13' title='bbox 515 1101 574 1163; x_wconf 92' lang='lat' dir='ltr'>aut</span> <span class='ocrx_word' id='word_1_14' title='bbox 586 1092 726 1186; x_wconf 86' lang='lat' dir='ltr'>Musicae</span> <span class='ocrx_word' id='word_1_15' title='bbox 740 1114 842 1185; x_wconf 86' lang='lat' dir='ltr'>quem</span> <span class='ocrx_word' id='word_1_16' title='bbox 857 1091 893 1161; x_wconf 93' lang='lat' dir='ltr'>in</span> <span class='ocrx_word' id='word_1_17' title='bbox 911 1091 1036 1162; x_wconf 90' lang='lat' dir='ltr'>bellum</span> <span class='ocrx_word' id='word_1_18' title='bbox 1054 1090 1143 1163; x_wconf 85' lang='lat' dir='ltr'>itura</span> <span class='ocrx_word' id='word_1_19' title='bbox 1160 1093 1249 1163; x_wconf 86' lang='lat' dir='ltr'>sole·</span> 
     </span>
     <span class='ocr_line' id='line_1_4' title="bbox 292 1213 1248 1309; baseline -0.004 -22"><span class='ocrx_word' id='word_1_20' title='bbox 292 1217 352 1288; x_wconf 86' lang='lat' dir='ltr'>hat</span> <span class='ocrx_word' id='word_1_21' title='bbox 364 1217 536 1308; x_wconf 80' lang='lat' dir='ltr'>deponere</span> <span class='ocrx_word' id='word_1_22' title='bbox 549 1215 687 1307; x_wconf 89' lang='lat' dir='ltr'>peplum</span> <span class='ocrx_word' id='word_1_23' title='bbox 706 1213 759 1309; x_wconf 80' lang='lat' dir='ltr'>(l)</span> <span class='ocrx_word' id='word_1_24' title='bbox 773 1215 988 1305; x_wconf 87' lang='lat' dir='ltr'>adjunxerat.</span> <span class='ocrx_word' id='word_1_25' title='bbox 1004 1213 1093 1285; x_wconf 89' lang='lat' dir='ltr'>Satis</span> <span class='ocrx_word' id='word_1_26' title='bbox 1110 1223 1184 1287; x_wconf 88' lang='lat' dir='ltr'>erat</span> <span class='ocrx_word' id='word_1_27' title='bbox 1198 1214 1248 1285; x_wconf 89' lang='lat' dir='ltr'>illi</span> 
     </span>
     <span class='ocr_line' id='line_1_5' title="bbox 291 1335 1248 1430; baseline 0.001 -22"><span class='ocrx_word' id='word_1_28' title='bbox 291 1347 439 1410; x_wconf 85' lang='lat' dir='ltr'>mentem</span> <span class='ocrx_word' id='word_1_29' title='bbox 465 1348 498 1407; x_wconf 87' lang='lat' dir='ltr'>et</span> <span class='ocrx_word' id='word_1_30' title='bbox 524 1336 781 1426; x_wconf 81' lang='lat' dir='ltr'>intelligentiam</span> <span class='ocrx_word' id='word_1_31' title='bbox 808 1359 854 1408; x_wconf 83' lang='lat' dir='ltr'>ex</span> <span class='ocrx_word' id='word_1_32' title='bbox 877 1335 946 1430; x_wconf 77' lang='lat' dir='ltr'>qud</span> <span class='ocrx_word' id='word_1_33' title='bbox 972 1337 1123 1408; x_wconf 86' lang='lat' dir='ltr'>nascitur</span> <span class='ocrx_word' id='word_1_34' title='bbox 1147 1359 1248 1409; x_wconf 88' lang='lat' dir='ltr'>omne</span> 
     </span>
     <span class='ocr_line' id='line_1_6' title="bbox 292 1459 1249 1550; baseline 0.001 -19"><span class='ocrx_word' id='word_1_35' title='bbox 292 1461 446 1531; x_wconf 88' lang='lat' dir='ltr'>scientiae</span> <span class='ocrx_word' id='word_1_36' title='bbox 475 1480 605 1550; x_wconf 81' lang='lat' dir='ltr'>genus3</span> <span class='ocrx_word' id='word_1_37' title='bbox 632 1459 715 1531; x_wconf 89' lang='lat' dir='ltr'>satis</span> <span class='ocrx_word' id='word_1_38' title='bbox 742 1468 815 1531; x_wconf 87' lang='lat' dir='ltr'>erat</span> <span class='ocrx_word' id='word_1_39' title='bbox 842 1459 915 1533; x_wconf 86' lang='lat' dir='ltr'>vim</span> <span class='ocrx_word' id='word_1_40' title='bbox 941 1459 1066 1550; x_wconf 82' lang='lat' dir='ltr'>agendi</span> <span class='ocrx_word' id='word_1_41' title='bbox 1088 1460 1249 1532; x_wconf 85' lang='lat' dir='ltr'>tribuisse</span> 
     </span>
     <span class='ocr_line' id='line_1_7' title="bbox 294 1583 1249 1678; baseline 0 -22"><span class='ocrx_word' id='word_1_42' title='bbox 294 1606 467 1678; x_wconf 87' lang='lat' dir='ltr'>quaecum</span> <span class='ocrx_word' id='word_1_43' title='bbox 486 1583 708 1677; x_wconf 73' lang='lat' dir='ltr'>intelligentia</span> <span class='ocrx_word' id='word_1_44' title='bbox 724 1587 904 1676; x_wconf 87' lang='lat' dir='ltr'>conjuncta</span> <span class='ocrx_word' id='word_1_45' title='bbox 924 1607 1043 1659; x_wconf 91' lang='lat' dir='ltr'>omues</span> <span class='ocrx_word' id='word_1_46' title='bbox 1062 1587 1196 1658; x_wconf 89' lang='lat' dir='ltr'>invenit</span> <span class='ocrx_word' id='word_1_47' title='bbox 1214 1594 1249 1658; x_wconf 92' lang='lat' dir='ltr'>et</span> 
     </span>
     <span class='ocr_line' id='line_1_8' title="bbox 294 1703 1249 1799; baseline 0 -21"><span class='ocrx_word' id='word_1_48' title='bbox 294 1707 406 1778; x_wconf 85' lang='lat' dir='ltr'>erudit</span> <span class='ocrx_word' id='word_1_49' title='bbox 425 1715 532 1793; x_wconf 83' lang='lat' dir='ltr'>artes3</span> <span class='ocrx_word' id='word_1_50' title='bbox 556 1727 704 1799; x_wconf 91' lang='lat' dir='ltr'>namque</span> <span class='ocrx_word' id='word_1_51' title='bbox 728 1705 775 1776; x_wconf 85' lang='lat' dir='ltr'>ita</span> <span class='ocrx_word' id='word_1_52' title='bbox 794 1705 875 1777; x_wconf 76' lang='lat' dir='ltr'>vere</span> <span class='ocrx_word' id='word_1_53' title='bbox 893 1703 956 1776; x_wconf 80' lang='grc' dir='ltr'>καθ’</span> <span class='ocrx_word' id='word_1_54' title='bbox 977 1711 1047 1776; x_wconf 71' lang='grc' dir='ltr'><strong>ὅλου</strong></span> <span class='ocrx_word' id='word_1_55' title='bbox 1059 1708 1249 1781; x_wconf 83' lang='lat' dir='ltr'>Minervam</span> 
     </span>
     <span class='ocr_line' id='line_1_9' title="bbox 294 1826 1113 1900; baseline -0.002 -1"><span class='ocrx_word' id='word_1_56' title='bbox 294 1827 563 1900; x_wconf 86' lang='lat' dir='ltr'>Atheniensibus</span> <span class='ocrx_word' id='word_1_57' title='bbox 572 1826 749 1898; x_wconf 87' lang='lat' dir='ltr'>colendam</span> <span class='ocrx_word' id='word_1_58' title='bbox 765 1826 951 1898; x_wconf 89' lang='lat' dir='ltr'>tradiderat</span> <span class='ocrx_word' id='word_1_59' title='bbox 964 1826 1113 1898; x_wconf 83' lang='lat' dir='ltr'>Phidias.</span> 
     </span>
    </p>

    <p class='ocr_par' dir='ltr' id='par_1_3' title="bbox 286 1948 1251 3154">
     <span class='ocr_line' id='line_1_10' title="bbox 340 1948 1251 2043; baseline 0.002 -23"><span class='ocrx_word' id='word_1_60' title='bbox 340 1948 407 2020; x_wconf 90' lang='lat' dir='ltr'>Sed</span> <span class='ocrx_word' id='word_1_61' title='bbox 419 1949 493 2040; x_wconf 92' lang='lat' dir='ltr'>ejus</span> <span class='ocrx_word' id='word_1_62' title='bbox 509 1948 692 2041; x_wconf 76' lang='lat' dir='ltr'>postquam</span> <span class='ocrx_word' id='word_1_63' title='bbox 708 1957 834 2020; x_wconf 87' lang='lat' dir='ltr'>tantam</span> <span class='ocrx_word' id='word_1_64' title='bbox 850 1958 988 2043; x_wconf 86' lang='lat' dir='ltr'>tamque</span> <span class='ocrx_word' id='word_1_65' title='bbox 1000 1950 1153 2022; x_wconf 89' lang='lat' dir='ltr'>divinam</span> <span class='ocrx_word' id='word_1_66' title='bbox 1173 1951 1251 2022; x_wconf 89' lang='lat' dir='ltr'>aui-</span> 
     </span>
     <span class='ocr_line' id='line_1_11' title="bbox 288 2072 1245 2172; baseline 0.002 -28"><span class='ocrx_word' id='word_1_67' title='bbox 288 2094 381 2144; x_wconf 90' lang='lat' dir='ltr'>mam</span> <span class='ocrx_word' id='word_1_68' title='bbox 405 2073 629 2166; x_wconf 81' lang='lat' dir='ltr'>concepisset,</span> <span class='ocrx_word' id='word_1_69' title='bbox 648 2072 874 2166; x_wconf 88' lang='lat' dir='ltr'>pulcherrimo</span> <span class='ocrx_word' id='word_1_70' title='bbox 888 2074 977 2146; x_wconf 94' lang='lat' dir='ltr'>hanc</span> <span class='ocrx_word' id='word_1_71' title='bbox 994 2075 1075 2146; x_wconf 85' lang='lat' dir='ltr'>fecit</span> <span class='ocrx_word' id='word_1_72' title='bbox 1092 2096 1245 2172; x_wconf 89' lang='lat' dir='ltr'>corpore.</span> 
     </span>
     <span class='ocr_line' id='line_1_12' title="bbox 288 2194 1249 2301; baseline 0.005 -34"><span class='ocrx_word' id='word_1_73' title='bbox 288 2199 494 2289; x_wconf 84' lang='lat' dir='ltr'>Quanquam</span> <span class='ocrx_word' id='word_1_74' title='bbox 515 2195 606 2266; x_wconf 87' lang='lat' dir='ltr'>enim</span> <span class='ocrx_word' id='word_1_75' title='bbox 633 2194 677 2267; x_wconf 89' lang='lat' dir='ltr'>de</span> <span class='ocrx_word' id='word_1_76' title='bbox 696 2197 794 2266; x_wconf 87' lang='lat' dir='ltr'>vultu</span> <span class='ocrx_word' id='word_1_77' title='bbox 819 2197 914 2286; x_wconf 88' lang='lat' dir='ltr'>ejus,</span> <span class='ocrx_word' id='word_1_78' title='bbox 942 2198 1121 2290; x_wconf 84' lang='lat' dir='ltr'>formaque</span> <span class='ocrx_word' id='word_1_79' title='bbox 1140 2209 1174 2301; x_wconf 78' lang='lat' dir='ltr'>et</span> <span class='ocrx_word' id='word_1_80' title='bbox 1195 2223 1249 2272; x_wconf 89' lang='lat' dir='ltr'>as·</span> 
     </span>
     <span class='ocr_line' id='line_1_13' title="bbox 289 2319 1249 2416; baseline 0.002 -23"><span class='ocrx_word' id='word_1_81' title='bbox 289 2330 390 2414; x_wconf 84' lang='lat' dir='ltr'>pectu</span> <span class='ocrx_word' id='word_1_82' title='bbox 408 2321 512 2392; x_wconf 89' lang='lat' dir='ltr'>silent</span> <span class='ocrx_word' id='word_1_83' title='bbox 532 2320 708 2416; x_wconf 86' lang='lat' dir='ltr'>plerique,</span> <span class='ocrx_word' id='word_1_84' title='bbox 732 2319 808 2412; x_wconf 92' lang='lat' dir='ltr'>quis</span> <span class='ocrx_word' id='word_1_85' title='bbox 833 2321 1113 2392; x_wconf 83' lang='lat' dir='ltr'>formosissimam</span> <span class='ocrx_word' id='word_1_86' title='bbox 1136 2323 1249 2396; x_wconf 88' lang='lat' dir='ltr'>dicere</span> 
     </span>
     <span class='ocr_line' id='line_1_14' title="bbox 289 2441 1248 2538; baseline 0.005 -25"><span class='ocrx_word' id='word_1_87' title='bbox 289 2441 449 2513; x_wconf 82' lang='lat' dir='ltr'>dubitet?</span> <span class='ocrx_word' id='word_1_88' title='bbox 473 2445 596 2516; x_wconf 88' lang='lat' dir='ltr'>Nonne</span> <span class='ocrx_word' id='word_1_89' title='bbox 610 2441 744 2515; x_wconf 78' lang='lat' dir='ltr'>summd</span> <span class='ocrx_word' id='word_1_90' title='bbox 767 2453 847 2514; x_wconf 90' lang='lat' dir='ltr'>sunt</span> <span class='ocrx_word' id='word_1_91' title='bbox 873 2444 1124 2538; x_wconf 87' lang='lat' dir='ltr'>pulchritudine</span> <span class='ocrx_word' id='word_1_92' title='bbox 1147 2469 1248 2517; x_wconf 91' lang='lat' dir='ltr'>num·</span> 
     </span>
     <span class='ocr_line' id='line_1_15' title="bbox 287 2563 1249 2658; baseline 0.006 -24"><span class='ocrx_word' id='word_1_93' title='bbox 287 2584 422 2634; x_wconf 93' lang='lat' dir='ltr'>morum</span> <span class='ocrx_word' id='word_1_94' title='bbox 464 2563 597 2657; x_wconf 79' lang='lat' dir='ltr'>effigies</span> <span class='ocrx_word' id='word_1_95' title='bbox 631 2587 718 2658; x_wconf 89' lang='lat' dir='ltr'>quas</span> <span class='ocrx_word' id='word_1_96' title='bbox 750 2565 795 2635; x_wconf 89' lang='lat' dir='ltr'>ad</span> <span class='ocrx_word' id='word_1_97' title='bbox 827 2566 901 2657; x_wconf 89' lang='lat' dir='ltr'>ejus</span> <span class='ocrx_word' id='word_1_98' title='bbox 929 2567 1114 2658; x_wconf 81' lang='lat' dir='ltr'>imaginem</span> <span class='ocrx_word' id='word_1_99' title='bbox 1143 2569 1249 2640; x_wconf 85' lang='lat' dir='ltr'>factas</span> 
     </span>
     <span class='ocr_line' id='line_1_16' title="bbox 288 2687 1248 2785; baseline 0.003 -26"><span class='ocrx_word' id='word_1_100' title='bbox 288 2708 364 2759; x_wconf 88' lang='lat' dir='ltr'>esse</span> <span class='ocrx_word' id='word_1_101' title='bbox 382 2699 517 2761; x_wconf 86' lang='lat' dir='ltr'>constat</span> <span class='ocrx_word' id='word_1_102' title='bbox 534 2687 614 2785; x_wconf 79' lang='lat'>(5)?</span> <span class='ocrx_word' id='word_1_103' title='bbox 632 2690 674 2760; x_wconf 82' lang='lat' dir='ltr'>Et</span> <span class='ocrx_word' id='word_1_104' title='bbox 687 2688 746 2783; x_wconf 82' lang='lat' dir='ltr'>qul</span> <span class='ocrx_word' id='word_1_105' title='bbox 764 2689 901 2761; x_wconf 89' lang='lat' dir='ltr'>Phidias</span> <span class='ocrx_word' id='word_1_106' title='bbox 922 2689 979 2762; x_wconf 87' lang='lat' dir='ltr'>ille</span> <span class='ocrx_word' id='word_1_107' title='bbox 996 2691 1056 2785; x_wconf 89' lang='lat' dir='ltr'>qui</span> <span class='ocrx_word' id='word_1_108' title='bbox 1073 2693 1248 2763; x_wconf 89' lang='lat' dir='ltr'>Lemniam</span> 
     </span>
     <span class='ocr_line' id='line_1_17' title="bbox 286 2812 1250 2908; baseline 0.004 -24"><span class='ocrx_word' id='word_1_109' title='bbox 286 2812 459 2885; x_wconf 82' lang='lat' dir='ltr'>Callistum</span> <span class='ocrx_word' id='word_1_110' title='bbox 476 2815 677 2908; x_wconf 81' lang='lat' dir='ltr'>sculpserat,</span> <span class='ocrx_word' id='word_1_111' title='bbox 699 2814 857 2885; x_wconf 88' lang='lat' dir='ltr'>dilectam</span> <span class='ocrx_word' id='word_1_112' title='bbox 871 2814 1131 2887; x_wconf 86' lang='lat' dir='ltr'>Atheniensium</span> <span class='ocrx_word' id='word_1_113' title='bbox 1144 2816 1250 2888; x_wconf 86' lang='lat' dir='ltr'>Athe-</span> 
     </span>
     <span class='ocr_line' id='line_1_18' title="bbox 286 2937 1247 3029; baseline 0.006 -23"><span class='ocrx_word' id='word_1_114' title='bbox 286 2958 365 3007; x_wconf 89' lang='lat' dir='ltr'>nam</span> <span class='ocrx_word' id='word_1_115' title='bbox 379 2937 401 3010; x_wconf 78' lang='lat' dir='ltr'>a</span> <span class='ocrx_word' id='word_1_116' title='bbox 416 2937 633 3010; x_wconf 90' lang='lat' dir='ltr'>Lemniorum</span> <span class='ocrx_word' id='word_1_117' title='bbox 647 2937 782 3029; x_wconf 82' lang='lat' dir='ltr'>virgine</span> <span class='ocrx_word' id='word_1_118' title='bbox 802 2938 911 3010; x_wconf 72' lang='lat' dir='ltr'>forma</span> <span class='ocrx_word' id='word_1_119' title='bbox 929 2948 963 3010; x_wconf 89' lang='lat' dir='ltr'>et</span> <span class='ocrx_word' id='word_1_120' title='bbox 986 2949 1166 3013; x_wconf 88' lang='lat' dir='ltr'>venustate</span> <span class='ocrx_word' id='word_1_121' title='bbox 1184 2961 1247 3012; x_wconf 86' lang='lat' dir='ltr'>ex·</span> 
     </span>
     <span class='ocr_line' id='line_1_19' title="bbox 286 3060 646 3154; baseline -0.006 -23"><span class='ocrx_word' id='word_1_122' title='bbox 286 3061 441 3154; x_wconf 89' lang='lat' dir='ltr'>superari</span> <span class='ocrx_word' id='word_1_123' title='bbox 455 3060 646 3134; x_wconf 85' lang='lat' dir='ltr'>voluisset?</span> 
     </span>
    </p>
   </div>
   <div class='ocr_carea' id='block_1_3' title="bbox 277 3348 932 3642">
    <p class='ocr_par' dir='ltr' id='par_1_4' title="bbox 277 3348 932 3642">
     <span class='ocr_line' id='line_1_20' title="bbox 324 3348 932 3430; baseline 0.003 -23"><span class='ocrx_word' id='word_1_124' title='bbox 324 3350 367 3430; x_wconf 83' lang='grc' dir='ltr'>(ι)</span> <span class='ocrx_word' id='word_1_125' title='bbox 388 3352 438 3411; x_wconf 86' lang='lat' dir='ltr'>Ot.</span> <span class='ocrx_word' id='word_1_126' title='bbox 449 3349 565 3427; x_wconf 64' lang='lat' dir='ltr'>Miillen</span> <span class='ocrx_word' id='word_1_127' title='bbox 579 3348 658 3408; x_wconf 86' lang='lat' dir='ltr'>Man.</span> <span class='ocrx_word' id='word_1_128' title='bbox 674 3349 822 3423; x_wconf 79' lang='lat' dir='ltr'>archaeoL,</span> <span class='ocrx_word' id='word_1_129' title='bbox 836 3357 851 3422; x_wconf 72' lang='lat' dir='ltr'>s</span> <span class='ocrx_word' id='word_1_130' title='bbox 866 3349 932 3423; x_wconf 76' lang='lat'><strong>374.</strong></span> 
     </span>
     <span class='ocr_line' id='line_1_21' title="bbox 325 3456 679 3535; baseline 0.003 -22"><span class='ocrx_word' id='word_1_131' title='bbox 325 3456 364 3535; x_wconf 77' lang='lat' dir='ltr'>(a)</span> <span class='ocrx_word' id='word_1_132' title='bbox 385 3457 521 3527; x_wconf 86' lang='lat' dir='ltr'>Pausan,</span> <span class='ocrx_word' id='word_1_133' title='bbox 533 3456 597 3533; x_wconf 82' lang='lat' dir='ltr'>vll,</span> <span class='ocrx_word' id='word_1_134' title='bbox 611 3456 638 3529; x_wconf 85' lang='lat'>5,</span> <span class='ocrx_word' id='word_1_135' title='bbox 652 3478 679 3533; x_wconf 87' lang='lat'>9.</span> 
     </span>
     <span class='ocr_line' id='line_1_22' title="bbox 277 3561 733 3642; baseline 0.015 -27"><span class='ocrx_word' id='word_1_136' title='bbox 277 3607 281 3615; x_wconf 81' lang='grc'><strong>,</strong></span> <span class='ocrx_word' id='word_1_137' title='bbox 324 3561 365 3642; x_wconf 79' lang='lat'>(3)</span> <span class='ocrx_word' id='word_1_138' title='bbox 387 3564 434 3621; x_wconf 90' lang='lat' dir='ltr'>Ot.</span> <span class='ocrx_word' id='word_1_139' title='bbox 447 3562 560 3638; x_wconf 86' lang='lat' dir='ltr'>Miiller,</span> <span class='ocrx_word' id='word_1_140' title='bbox 580 3563 636 3623; x_wconf 90' lang='lat' dir='ltr'>loc.</span> <span class='ocrx_word' id='word_1_141' title='bbox 656 3562 733 3622; x_wconf 87' lang='lat' dir='ltr'>laud.</span> 
     </span>
    </p>
   </div>
   <div class='ocr_carea' id='block_1_4' title="bbox 327 3667 1383 3747">
    <p class='ocr_par' dir='ltr' id='par_1_5' title="bbox 327 3667 1383 3747">
     <span class='ocr_line' id='line_1_23' title="bbox 327 3667 1383 3747; baseline -0.024 2"><span class='ocrx_word' id='word_1_142' title='bbox 327 3667 365 3747; x_wconf 75' lang='lat'>(4)</span> <span class='ocrx_word' id='word_1_143' title='bbox 387 3668 482 3741; x_wconf 60' lang='grc' dir='ltr'>ΗΜ,</span> <span class='ocrx_word' id='word_1_144' title='bbox 494 3668 587 3740; x_wconf 56' lang='lat' dir='ltr'>”iada</span> <span class='ocrx_word' id='word_1_145' title='bbox 604 3669 638 3742; x_wconf 88' lang='lat' dir='ltr'>V,</span> <span class='ocrx_word' id='word_1_146' title='bbox 650 3689 676 3729; x_wconf 85' lang='lat' dir='ltr'>v.</span> <span class='ocrx_word' id='word_1_147' title='bbox 690 3667 797 3741; x_wconf 72' lang='grc'><strong>736..-</strong></span> <span class='ocrx_word' id='word_1_148' title='bbox 809 3668 938 3730; x_wconf 90' lang='lat' dir='ltr'>Viscont.</span> <span class='ocrx_word' id='word_1_149' title='bbox 948 3668 1059 3728; x_wconf 88' lang='lat' dir='ltr'>Museo.</span> <span class='ocrx_word' id='word_1_150' title='bbox 1073 3671 1247 3746; x_wconf 68' lang='lat' dir='ltr'>Pio-clem„</span> <span class='ocrx_word' id='word_1_151' title='bbox 1379 3685 1383 3695; x_wconf 75' lang='lat'>¹</span> 
     </span>
    </p>
   </div>
   <div class='ocr_carea' id='block_1_5' title="bbox 285 3773 1249 4270">
    <p class='ocr_par' dir='ltr' id='par_1_6' title="bbox 285 3773 1249 4062">
     <span class='ocr_line' id='line_1_24' title="bbox 286 3773 1249 3854; baseline 0.008 -25"><span class='ocrx_word' id='word_1_152' title='bbox 286 3774 376 3845; x_wconf 72' lang='lat' dir='ltr'>clu,</span> <span class='ocrx_word' id='word_1_153' title='bbox 392 3793 423 3852; x_wconf 83' lang='lat' dir='ltr'>p.</span> <span class='ocrx_word' id='word_1_154' title='bbox 452 3773 594 3852; x_wconf 83' lang='lat'>159-160‚</span> <span class='ocrx_word' id='word_1_155' title='bbox 617 3773 706 3834; x_wconf 86' lang='lat' dir='ltr'>tabul.</span> <span class='ocrx_word' id='word_1_156' title='bbox 727 3794 841 3834; x_wconf 84' lang='lat' dir='ltr'>xxxvrr.</span> <span class='ocrx_word' id='word_1_157' title='bbox 856 3776 977 3849; x_wconf 86' lang='lat' dir='ltr'>Milano‚&#39;</span> <span class='ocrx_word' id='word_1_158' title='bbox 997 3779 1082 3854; x_wconf 82' lang='lat'>1819.</span> <span class='ocrx_word' id='word_1_159' title='bbox 1106 3783 1171 3836; x_wconf 82' lang='lat' dir='ltr'>«In</span> <span class='ocrx_word' id='word_1_160' title='bbox 1196 3784 1249 3837; x_wconf 82' lang='lat' dir='ltr'>tali</span> 
     </span>
     <span class='ocr_line' id='line_1_25' title="bbox 285 3882 1247 3957; baseline 0.005 -21"><span class='ocrx_word' id='word_1_161' title='bbox 285 3896 298 3923; x_wconf 81' lang='lat'>⁴¹</span> <span class='ocrx_word' id='word_1_162' title='bbox 312 3885 495 3955; x_wconf 80' lang='lat' dir='ltr'>monumenti,</span> <span class='ocrx_word' id='word_1_163' title='bbox 509 3899 556 3936; x_wconf 82' lang='lat' dir='ltr'>ove</span> <span class='ocrx_word' id='word_1_164' title='bbox 575 3882 697 3938; x_wconf 82' lang='lat' dir='ltr'>Pallade</span> <span class='ocrx_word' id='word_1_165' title='bbox 712 3883 739 3938; x_wconf 79' lang='lat' dir='ltr'>si</span> <span class='ocrx_word' id='word_1_166' title='bbox 753 3892 856 3937; x_wconf 82' lang='lat' dir='ltr'>mostra</span> <span class='ocrx_word' id='word_1_167' title='bbox 866 3882 1022 3957; x_wconf 76' lang='lat' dir='ltr'>paludato,</span> <span class='ocrx_word' id='word_1_168' title='bbox 1035 3901 1089 3939; x_wconf 83' lang='lat' dir='ltr'>non</span> <span class='ocrx_word' id='word_1_169' title='bbox 1107 3882 1124 3939; x_wconf 79' lang='grc' dir='ltr'><em>ὲ</em></span> <span class='ocrx_word' id='word_1_170' title='bbox 1143 3889 1172 3940; x_wconf 85' lang='lat' dir='ltr'>r&#39;rr</span> <span class='ocrx_word' id='word_1_171' title='bbox 1188 3897 1247 3941; x_wconf 80' lang='lat' dir='ltr'>atto</span> 
     </span>
     <span class='ocr_line' id='line_1_26' title="bbox 287 3988 496 4062; baseline 0.01 -21"><span class='ocrx_word' id='word_1_172' title='bbox 287 4015 300 4058; x_wconf 83' lang='lat'>·.</span> <span class='ocrx_word' id='word_1_173' title='bbox 315 3988 346 4042; x_wconf 84' lang='lat' dir='ltr'>dl</span> <span class='ocrx_word' id='word_1_174' title='bbox 358 4004 496 4062; x_wconf 77' lang='lat' dir='ltr'>guerra.»</span> 
     </span>
    </p>

    <p class='ocr_par' dir='ltr' id='par_1_7' title="bbox 288 4068 1246 4270">
     <span class='ocr_line' id='line_1_27' title="bbox 326 4068 1246 4172; baseline 0.005 -24"><span class='ocrx_word' id='word_1_175' title='bbox 326 4088 364 4168; x_wconf 74' lang='lat' dir='ltr'>(a)</span> <span class='ocrx_word' id='word_1_176' title='bbox 385 4089 472 4160; x_wconf 71' lang='lat' dir='ltr'>Quat.</span> <span class='ocrx_word' id='word_1_177' title='bbox 489 4068 661 4169; x_wconf 60' lang='lat' dir='ltr'>ueouecy,</span> <span class='ocrx_word' id='word_1_178' title='bbox 683 4091 934 4172; x_wconf 74' lang='lat' dir='ltr'>Jupiterolymp„</span> <span class='ocrx_word' id='word_1_179' title='bbox 947 4093 987 4172; x_wconf 81' lang='lat' dir='ltr'>pr.</span> <span class='ocrx_word' id='word_1_180' title='bbox 1007 4095 1148 4156; x_wconf 68' lang='lat' dir='ltr'>irs-oc</span> <span class='ocrx_word' id='word_1_181' title='bbox 1165 4094 1246 4155; x_wconf 73' lang='lat' dir='ltr'>unu.</span> 
     </span>
     <span class='ocr_line' id='line_1_28' title="bbox 288 4192 675 4270; baseline -0.005 -14"><span class='ocrx_word' id='word_1_182' title='bbox 288 4195 365 4256; x_wconf 80' lang='lat' dir='ltr'>Man.</span> <span class='ocrx_word' id='word_1_183' title='bbox 381 4192 471 4268; x_wconf 66' lang='lat' dir='ltr'>arch„</span> <span class='ocrx_word' id='word_1_184' title='bbox 487 4196 675 4270; x_wconf 78' lang='lat'>§5115-375.</span> 
     </span>
    </p>
   </div>
   <div class='ocr_carea' id='block_1_6' title="bbox 0 0 1554 5206">
    <p class='ocr_par' dir='ltr' id='par_1_8' title="bbox 0 0 1554 5206">
     <span class='ocr_line' id='line_1_29' title="bbox 0 0 1554 5206; baseline 0 0"><span class='ocrx_word' id='word_1_185' title='bbox 0 0 1554 5206; x_wconf 95' lang='lat' dir='ltr'> </span> 
     </span>
    </p>
   </div>
  </div>
 </body>
</html>
