3098 5206
745 783 883 831 ..4-

334 946 367 1006 et
398 933 634 1029 philosophico
664 952 782 1021 more,
814 931 850 1000 in
880 929 1062 1025 Symposio
1092 931 1291 1023 explicavit.

334 1058 432 1144 Quod
445 1079 552 1151 quum
570 1078 671 1127 nemo
686 1055 851 1127 hactenus
865 1056 1012 1149 probare
1027 1054 1092 1126 sibi
1106 1076 1294 1149 proposue-

332 1185 394 1271 rit,
413 1205 518 1278 qnam
543 1179 696 1253 maximi
724 1191 866 1274 potuero
892 1189 1172 1272 argumentorum
1196 1180 1294 1273 copie

334 1309 571 1380 demonstrare
581 1326 696 1400 operae
710 1306 855 1399 pretium
870 1314 931 1376 est.

381 1431 488 1503 Nobis
503 1439 642 1519 autem,
661 1429 823 1502 Phidiaco
848 1429 883 1499 in
907 1450 990 1522 agro
1014 1428 1163 1500 radicem
1186 1429 1295 1500 Plato·

331 1556 419 1626 nicae
433 1554 476 1626 de
493 1553 748 1649 pulchritudine
758 1551 926 1624 doctrinae
939 1553 1186 1645 quaerentibus,
1202 1553 1295 1646 qnod

333 1678 373 1750 ee
395 1678 439 1750 de
459 1699 495 1749 re
515 1676 741 1772 philosophus
764 1686 879 1747 noster
898 1677 1072 1747 Socratem
1095 1678 1294 1769 magistrum

332 1797 504 1869 audiendo
533 1794 689 1867 didicerit
717 1805 775 1866 aut
801 1795 1061 1888 praetermittere
1082 1806 1141 1868 aut
1168 1818 1295 1889 negare

332 1921 473 1992 minime
496 1921 530 1990 in
558 1919 674 1991 animo
695 1926 759 1990 est.
786 1918 938 1990 Docebat
960 1919 1179 2015 Sophronisci
1206 1919 1296 1993 filins

334 2065 446 2138 neque
481 2044 516 2114 in
542 2044 628 2114 coelo
652 2063 765 2135 neque
792 2042 846 2112 his
875 2043 910 2113 in
938 2045 1037 2116 terris
1069 2044 1143 2117 eine
1168 2045 1296 2118 virtute

334 2166 418 2238 nihil
436 2188 588 2259 unquam
617 2166 796 2260 pulchrum
824 2167 920 2260 gigni
946 2188 1047 2261 posse
1071 2169 1145 2262 (t),
1178 2169 1296 2263 sicque

334 2291 578 2387 quodcumque
591 2291 721 2364 bonum
736 2300 770 2362 et
780 2291 1022 2385 quodcumque
1036 2294 1214 2386 pulchrum
1228 2304 1294 2381 est,

333 2415 369 2487 id
382 2438 491 2487 unum
504 2425 610 2509 atque
624 2414 716 2485 idem
731 2435 807 2486 esse
820 2415 993 2487 censebat.
1007 2416 1192 2491 Dictitabat
1208 2441 1296 2514 quo-
1319 2454 1322 2463 ·

333 2557 402 2629 qne
428 2536 486 2606 ille
511 2555 632 2605 verum
662 2543 696 2604 et
728 2555 927 2627 supremum
952 2543 1024 2605 tum
1044 2537 1201 2628 pictnrae‚
1222 2549 1294 2610 tum

334 2659 416 2729 artis
437 2656 631 2747 statuariae,
664 2658 699 2726 in
726 2677 768 2729 eo
799 2657 986 2729 consistere
1004 2656 1108 2730 finem
1129 2670 1167 2732 ut
1190 2661 1296 2733 animi

335 2780 622 2875 pulchritudinem
654 2779 851 2851 invenirent
879 2789 913 2852 et
937 2784 1162 2874 spectantium
1187 2786 1295 2858 oculis

336 2906 500 2976 offerrent
518 2903 666 2976 artifices
692 2903 755 2999 (2).
783 2906 870 2994 ime,
894 2906 930 2976 in
951 2910 1021 2979 Dec
1046 2909 1105 3002 qui
1128 2912 1294 2984 mundum

335 3029 530 3122 composuit
548 3038 582 3099 et
600 3029 763 3120 eontinet,
782 3040 817 3101 et
836 3031 895 3123 qui
910 3053 1024 3104 rernm
1038 3034 1298 3108 universitatem

337 3153 592 3248 sapientissimo
608 3154 779 3246 gubernat
797 3155 950 3246 numine,
969 3159 1086 3230 emnia
1104 3182 1184 3253 qnee
1203 3161 1298 3239 bona

334 3285 370 3348 et
382 3276 499 3347 emnia
518 3298 598 3370 qnae
612 3277 752 3370 pulchra
773 3276 934 3348 dicuntur
956 3279 1001 3350 ab
1017 3279 1215 3353 hominibus
1235 3285 1298 3354 So·

334 3401 418 3472 crati
449 3399 657 3472 videbantur
688 3401 839 3473 residere
871 3401 935 3498 (3).
965 3404 1020 3475 Sic
1049 3403 1295 3499 discipulorum

335 3546 476 3597 suornm
493 3534 624 3596 mentes
639 3525 684 3596 ad
696 3547 865 3597 summam
887 3528 1176 3621 pulchritudinem
1196 3552 1298 3624 qnae-

370 3840 412 3921 (ι)
433 3841 566 3922 Xenoph.
579 3844 711 3916 tremore,
719 3843 768 3903 lib.
784 3847 821 3918 ΙΙ,
836 3865 865 3923 p.
880 3846 946 3922 739.
961 3848 1214 3919 -Paris.‚1625.
1243 3912 1247 3919 ¹

374 3949 416 4028 (α)
438 3947 792 4028 rnrn.,nn.rrr,p.7s1.
1271 4002 1278 4029 ,.

302 4069 304 4072 ‘
373 4055 411 4134 (3)
432 4054 519 4129 thid„
533 4055 585 4115 tib.
600 4050 647 4128 IV,
667 4078 696 4135 p.
712 4059 789 4118 802:
805 4058 862 4121 Καὶ
875 4063 890 4120 ὁ
901 4057 945 4120 τὸν
959 4057 1019 4121 ὅλον
1034 4060 1132 4140 κόσμον
1146 4063 1299 4127 metietur

332 4186 363 4222 τι
379 4161 423 4220 καὶ
441 4156 615 4243 scripserit
631 4143 751 4243 ᾧπᾶντα
769 4163 838 4224 καλὰ
850 4163 895 4224 καὶ
911 4165 995 4246 ἀγαθά
1010 4168 1079 4228 ἐστι.
1092 4211 1119 4228 ..
1140 4192 1166 4230 κ.
1180 4195 1204 4230 τ.
1218 4173 1243 4231 λ.
1305 4200 1308 4204 “
