3098 5206
284 1123 327 1181 De
348 1119 460 1180 Phidiae
472 1124 584 1178 Venere
599 1120 718 1192 Uraniti,
738 1124 882 1181 Amazone
902 1131 932 1177 et
946 1120 1034 1198 signia
1047 1139 1111 1197 quer
1123 1121 1153 1178 iu
1169 1132 1247 1178 utro-

453 1246 510 1305 que
520 1225 729 1304 Hecatompedi
743 1225 857 1306 lastigie
873 1226 969 1305 posita
983 1239 1074 1285 erant.

332 1403 432 1475 Nunc
441 1402 486 1476 de
497 1404 632 1475 caeteris
646 1425 726 1497 quae
741 1405 823 1475 satis
836 1415 918 1476 nota
932 1413 1013 1474 sunt
1024 1403 1156 1476 Phidiae
1167 1423 1247 1497 ope·

284 1526 380 1599 ribus
404 1526 642 1620 loquendum
677 1548 779 1620 quae,
810 1527 845 1596 ui
875 1525 989 1613 fallor,
1020 1547 1112 1600 nova
1139 1527 1245 1614 mihi,

286 1650 415 1745 quibus
437 1651 599 1722 fulciatur
627 1651 795 1721 sententia
816 1670 912 1739 mea,
941 1660 1144 1740 argumenta
1169 1673 1250 1746 sup-

288 1772 500 1867 peditabunt.

337 1901 428 1971 luter
446 1919 508 1986 ea,
524 1917 589 1969 nec
606 1896 711 1968 multa
727 1896 888 1990 quidem,
908 1912 1054 1990 quorum
1068 1897 1251 1970 nomeued

290 2043 355 2093 nos
367 2020 538 2116 pervenit,
555 2021 704 2114 primum
716 2022 866 2093 occurrit
879 2016 945 2093 hoc
956 2021 1100 2094 Veneris
1114 2021 1251 2112 siguum

290 2165 336 2215 ex
355 2163 440 2215 auro
460 2154 495 2216 et
514 2143 618 2215 ebore
638 2142 787 2228 factum,
807 2153 841 2214 et
858 2144 966 2215 altero
992 2143 1079 2237 pede
1096 2164 1252 2238 premens

291 2266 518 2356 testudinem,
534 2267 628 2361 quod
643 2267 760 2355 Elide,
777 2267 813 2338 in
831 2267 975 2339 Veneris
989 2266 1143 2340 Caelestis
1165 2277 1254 2337 tem-

291 2391 369 2484 plo,
389 2389 488 2484 ¹vidit
515 2391 702 2463 Pausanias
730 2389 795 2485 (l).
827 2390 928 2476 Quod
951 2391 979 2462 si
1005 2391 1072 2462 hoc
1094 2392 1130 2462 in
1148 2391 1254 2464 ebore

291 2515 432 2587 Homeri
450 2515 619 2587 Venerem
645 2515 693 2585 ita
718 2514 764 2586 ad
790 2514 1002 2607 voluptatem
1023 2535 1165 2608 pronam
1192 2526 1251 2604 ut,

292 2639 449 2731 neglecto
462 2639 631 2729 conjuge,
651 2659 728 2709 cum
743 2637 851 2709 Marte
872 2639 906 2709 in
928 2620 1098 2710 additerio
1111 2661 1256 2732 congre-

292 2762 452 2851 deretur,
469 2760 661 2834 effinxiseet
679 2760 835 2848 Phidias,
856 2763 1035 2835 nostro'de
1052 2763 1112 2835 illo
1127 2763 1256 2835 artifice

290 2885 422 2978 judicio
446 2884 604 2958 diffidere
625 2907 839 2977 cogeremur.
861 2887 935 2957 Hoc
958 2895 1074 2958 autem
1097 2886 1257 2980 inopere

295 3008 348 3079 sul
361 3007 483 3081 similis
497 3007 677 3096 remansit,
696 3007 923 3101 eamdemque
934 3030 1040 3101 quam
1054 3008 1089 3078 in
1103 3008 1259 3079 Minerve

295 3152 336 3203 ao
352 3133 439 3204 Jove
452 3131 609 3205 creandis
623 3132 790 3203 rationem
804 3131 1094 3231 adhibuitssuod
1110 3153 1259 3227 perpau-

296 3255 346 3327 cis
365 3256 584 3328 manilestum
603 3257 738 3328 luciam.

347 3382 501 3453 «Venus
515 3380 643 3474 prima,
664 3381 711 3451 ait
726 3380 873 3467 Tullius,
898 3380 992 3452 Coelo
1012 3392 1047 3451 et
1074 3381 1136 3453 Die
1157 3388 1256 3464 nata3

301 3530 318 3571 «
335 3506 435 3597 cujus
463 3504 563 3578 Elide
590 3503 771 3576 delubrum
802 3503 975 3595 vidimus;
1007 3506 1113 3601 altera
1141 3501 1262 3596 spuma

299 3659 315 3691 ιι
335 3642 521 3723 procreata,
539 3652 585 3702 ex
600 3628 668 3723 qud
687 3638 721 3701 et
732 3629 902 3703 Mercurio
916 3628 1119 3724 Cupidinem
1134 3647 1259 3697 secun·

305 3783 320 3817 κ
340 3754 421 3825 dum
457 3765 573 3827 natum
605 3756 823 3847 accepimus3
857 3754 970 3824 Tertia
1001 3754 1087 3822 love
1120 3761 1199 3824 nata
1230 3763 1264 3823 et

340 3991 382 4073 (1)
402 3996 536 4067 Pansam,
551 3995 600 4068 vl,
617 3995 664 4069 25,
683 4017 748 4053 r.—
759 3993 912 4054 Plutarch.
926 3991 1094 4070 conjugalia
1111 4005 1262 4072 praeccpta.

299 4099 411 4182 Steph,
428 4108 494 4173 142,
507 4102 545 4159 D.
