3098 5206
722 770 879 821 ..30-

316 898 362 981 ad
384 919 439 970 ros
452 896 590 968 divinas
606 892 722 966 reduci
741 916 853 989 posse,
876 894 1023 987 ideoque
1035 893 1162 965 debere
1181 895 1276 965 Plato

316 1020 482 1094 docuerit.
505 1020 521 1055 i

365 1146 488 1216 Nonne
510 1143 613 1235 igitur
634 1164 738 1236 aequo
752 1144 831 1233 jure
856 1141 950 1213 dicet
969 1142 1092 1235 aliquis
1113 1143 1180 1213 hoc
1206 1143 1277 1236 pri·

317 1292 411 1341 mum
435 1268 567 1339 Phidiae
583 1267 743 1339 debuisse
766 1267 861 1338 Plato
880 1267 974 1359 qudd
991 1287 1218 1359 quaecumque
1235 1265 1278 1337 dc

318 1393 570 1489 pulchritudine
584 1391 730 1485 scripsit,
748 1419 765 1453 u
776 1390 833 1461 itte
849 1413 921 1462 uon
939 1389 1152 1482 intelligendi
1166 1390 1277 1461 solum

318 1548 335 1583 u
354 1517 415 1590 sed
445 1517 550 1610 etiarn
572 1514 708 1587 dicendi
743 1514 969 1606 gravissimus
995 1524 1171 1586 auctorat
1204 1535 1279 1585 ma-

313 1670 330 1706 «
350 1642 455 1732 gister
467 1638 517 1736 (t)
531 1693 541 1729 ,
554 1639 996 1711 uhaeciuPhidiaeDeorum
1007 1638 1104 1709 vuitu
1115 1659 1279 1732 expressa

312 1774 347 1837 ot
360 1773 399 1837 ut
414 1766 462 1836 ita
480 1765 592 1836 dicam
618 1764 751 1858 sculpta
769 1763 960 1848 invenerit,
982 1762 1028 1833 ita
1045 1773 1160 1832 tamen
1180 1772 1217 1831 ut
1235 1761 1279 1832 ad

312 1887 574 1985 intelligendum
598 1886 734 1981 ponitus
773 1885 903 1957 Phidiae
935 1885 1109 1978 ingenium
1139 1884 1278 1975 iugenio

314 2010 463 2081 Platonis
476 2031 564 2102 opus
582 2010 694 2107 suerit.

365 2134 433 2205 Sed
442 2144 567 2228 praetcr
580 2135 717 2206 eximiae
728 2134 988 2230 pulchritudinis
1000 2134 1189 2225 eburneam
1199 2133 1281 2204 ima-

316 2258 456 2350 ginem,
479 2259 543 2330 hoc
555 2261 701 2331 alterum
719 2259 850 2331 Phidiae
869 2259 963 2331 Plato
979 2258 1099 2330 debuit
1121 2258 1216 2352 quod
1230 2258 1276 2328 ab

319 2382 375 2455 ino
390 2384 458 2477 qud
475 2384 531 2456 vid
554 2384 758 2475 adsummee
777 2383 1043 2477 pulchritudinis
1063 2383 1177 2454 ideam
1204 2406 1281 2478 per·

320 2503 478 2574 veniatur
493 2504 624 2574 didicit.
647 2502 737 2588 Quid
759 2503 851 2574 euim
872 2503 908 2573 in
923 2503 1094 2574 Convivio
1116 2504 1281 2596 scriptum

318 2626 487 2718 legimus?
506 2628 594 2696 Eum
611 2626 739 2717 scilicet
762 2625 970 2716 quicumque
985 2626 1060 2694 vuit
1082 2625 1174 2695 huuc
1189 2626 1280 2718 opti·

319 2771 413 2820 mum
425 2749 645 2842 maximeque
659 2747 846 2842 optandum
858 2748 995 2841 assequi
1005 2747 1120 2840 finem,
1135 2748 1281 2841 primirm

318 2869 1282 2975 quamdamhumauicorporisctvuituspulchritudiuem

319 2995 443 3066 intueri
469 2996 612 3084 debere,
641 2995 703 3067 sed
734 3017 839 3089 quam
872 2994 1036 3066 citissime
1064 3002 1098 3066 et
1121 2995 1196 3065 sine
1214 2994 1283 3065 ulla

319 3118 501 3214 cupidine,
523 3130 557 3190 et
573 3141 619 3190 ex
639 3119 680 3193 ca
701 3121 746 3192 ad
765 3120 919 3190 omnium
942 3141 1127 3213 corporum
1148 3119 1283 3190 decoris

318 3241 433 3315 ideam
446 3265 521 3314 sese
535 3246 709 3331 conscrrc3
727 3243 808 3315 inde
821 3253 935 3314 autem
950 3242 994 3314 ad
1011 3243 1116 3313 animi
1131 3231 1283 3338 pulchri·

319 3362 495 3453 tudinem,
516 3385 597 3455 quae
619 3364 772 3457 corporis
795 3363 1050 3457 pulchritudino
1070 3361 1179 3433 muitd
1198 3385 1284 3456 prae·

319 3483 463 3576 stantior
487 3493 558 3570 est,
582 3482 752 3568 evadere3
776 3483 857 3573 indo
883 3484 929 3554 ad
957 3482 991 3554 id
1012 3482 1147 3553 decoris
1173 3502 1283 3571 genus

320 3608 413 3711 quod
432 3607 465 3678 in
480 3607 659 3687 homiuum
673 3607 759 3678 nitet
773 3608 955 3680 laudandis
970 3608 1189 3699 egregiisque
1201 3607 1285 3678 faci·

320 3729 479 3819 uoribus,
497 3731 624 3824 quibus
636 3731 758 3802 collata
773 3752 956 3824 corporum
970 3738 1134 3801 venustos
1151 3729 1282 3801 minimi

320 3874 463 3948 prorsus
486 3855 661 3926 videbitur
686 3877 761 3927 esse
785 3854 904 3947 pretii;
923 3853 967 3924 ab
993 3853 1077 3924 actis
1103 3862 1219 3924 autem
1238 3854 1284 3924 ad

320 3978 578 4070 intelligentiam
593 3980 882 4071 scientiarumque
899 3976 1189 4072 pulchritudinem
1204 3997 1282 4070 pro·

361 4178 401 4258 (r)
423 4180 515 4242 Cicer.
529 4181 644 4254 Orator,
661 4181 708 4239 ill.
