3098 5206
694 761 851 810 ..10-

292 884 380 957 sium
395 885 600 978 Eponpmos
618 905 707 976 quos
728 883 870 977 Delphis
892 905 961 954 una
983 884 1062 954 oiim
1081 885 1251 971 Minerva,

291 1005 450 1100 Apolline
463 1014 497 1077 et
510 1004 663 1077 Miltiade
672 1005 793 1078 uidere
801 1003 948 1099 erat(l),
960 1004 1039 1078 illos
1050 1007 1175 1080 heroas
1182 1009 1255 1099 Jam

291 1115 425 1203 dudum
443 1129 640 1219 defunctos,
652 1131 763 1202 multo
785 1130 897 1222 magis
914 1151 1019 1222 quarn
1041 1133 1202 1203 mortales
1222 1142 1256 1204 et

292 1256 336 1328 de
346 1255 456 1350 stirpe
466 1255 612 1327 deorum
626 1254 764 1327 habitos
781 1255 887 1327 luisse
897 1257 1110 1349 respondere
1122 1257 1250 1328 licebit.

313 1426 316 1431 -
338 1379 485 1467 Constatv
503 1378 609 1471 igitur
632 1379 789 1452 homiues
814 1379 913 1468 rard,
936 1379 1046 1451 rarius
1064 1378 1213 1453 athletas
1235 1381 1257 1453 d

292 1500 413 1576 Phlna
433 1511 549 1574 nostro
575 1502 681 1575 luisse
705 1504 916 1595 exsculptos.
949 1501 1003 1575 Ad
1029 1502 1116 1575 deos
1140 1512 1256 1577 antem

291 1628 411 1721 primis
427 1626 473 1698 ab
494 1628 595 1698 annis
613 1635 722 1697 totum
739 1648 778 1696 se
793 1605 941 1698 eontulit
965 1635 999 1696 et
1028 1627 1063 1698 in
1087 1627 1138 1699 eis
1155 1627 1256 1701 elliu·

290 1751 415 1843 gendis
446 1752 589 1842 longum
625 1750 708 1820 vitae
741 1771 815 1825 suae
847 1749 995 1852 spatium
1027 1752 1258 1844 consumpsit,

290 1877 444 1961 Quorum
467 1883 581 1946 autern
604 1876 683 1967 quis
700 1875 802 1946 luserit
822 1895 1000 1962 numerus,
1027 1895 1096 1945 non
1111 1877 1257 1947 multum

292 1999 424 2073 adrem
444 1999 597 2070 interest.
621 1999 785 2090 Magnum
811 1998 917 2068 luisse
940 2017 1152 2088 cognoscere
1173 1998 1258 2099 satis

293 2133 357 2210 est,
377 2143 421 2193 ex
442 2143 512 2214 qno
527 2142 611 2194 sane
635 2121 732 2192 vonit
756 2120 814 2192 illa
836 2120 1037 2206 Quintiliani
1062 2103 1254 2193 sententia:

220 2284 247 2328 s·
294 2275 311 2310 κ
329 2245 485 2319 Phidiam
503 2246 571 2318 diis
584 2267 689 2337 quam
710 2244 911 2320 hominihus
929 2243 1121 2317 efficiendis
1139 2245 1259 2319 melio·

295 2400 312 2434 «
328 2394 402 2445 rum
421 2371 587 2444 artificem
600 2371 771 2444 creditum
784 2393 860 2449 esse
873 2370 940 2465 (2).
963 2372 1042 2441 »At
1060 2392 1208 2463 quorum
1222 2371 1258 2443 in

295 2496 416 2590 primis
435 2497 579 2568 deorum
593 2496 774 2566 simulacra
788 2494 920 2566 Graecia
939 2494 1069 2565 Phidiae
1085 2494 1256 2582 debuerit,

293 2620 479 2712 plurimum
497 2629 615 2690 nostra
633 2620 748 2706 refert,
768 2639 918 2709 namque
934 2617 969 2686 in
986 2605 1131 2689 deorum
1151 2618 1259 2707 signis

293 2741 399 2814 multh
420 2743 532 2833 magis
548 2762 654 2833 quarn
675 2741 709 2811 in
729 2740 909 2812 hominurn
933 2740 1143 2833 imaginibus
1162 2741 1260 2815 inve-

294 2869 359 2939 niri
378 2876 489 2962 polest
506 2867 635 2938 eximia
652 2866 722 2948 illa,
744 2875 790 2952 et,
813 2874 852 2934 ut
871 2865 918 2933 ita
936 2863 1065 2950 diuam,
1087 2864 1259 2936 Platonica

293 2992 514 3089 pulchritudo
529 2992 572 3063 de
589 2992 660 3086 quh
678 3013 772 3062 nunu
789 2990 935 3083 agimus.
954 2991 1069 3075 Quum
1083 3011 1166 3082 ergo
1179 2991 1261 3062 sori-

194 3157 196 3163 ·
293 3126 410 3212 ptores
424 3117 691 3207 interrogamus,
708 3125 787 3186 ueto
801 3116 856 3185 vel
870 3135 994 3186 novem
1008 3115 1174 3186 Minervae
1191 3113 1243 3211 (3)

294 3261 446 3334 quorum
476 3240 629 3310 munima
654 3241 839 3334 pleraque,
874 3249 907 3311 et
937 3240 1000 3310 tria
1032 3231 1127 3310 lovis
1160 3240 1261 3333 sigua

295 3364 452 3459 posuisse
467 3363 624 3435 Phidiam
642 3361 828 3458 videmus(
853 3361 879 3457 ).

340 3483 446 3574 Quod
466 3489 512 3560 ad
539 3489 714 3561 Minervas
728 3490 870 3578 attinet,
902 3488 1135 3561 celeberrimae
1155 3488 1261 3559 ‘nubis

295 3613 458 3685 nolandae
479 3621 583 3682 sunt:

335 3816 377 3892 (ι)
399 3817 521 3877 Pausian.
538 3815 575 3888 X,
593 3834 637 3885 rp,
651 3835 676 3870 r.

336 3923 371 3999 (α)
394 3921 517 3999 Quintil.
528 3923 598 3980 Inst.
613 3923 693 3980 Orat.
705 3920 768 3992 xll,
785 3941 827 3978 ιο.

337 4030 373 4106 (3)
395 4028 551 4089 0tl.lll1'tll.
568 4028 589 4088 l.
602 4028 632 4120 h,
646 4049 676 4106 p.
696 4028 741 4088 18.

214 4178 231 4197 ι.
335 4134 375 4215 (l)
396 4137 519 4194 Pausan.
533 4133 650 4211 passim.
732 4174 734 4179 >
