3098 5206
653 813 689 823 ..
713 789 747 838 13
771 809 808 823 .-

249 920 309 989 tim
324 891 425 1006 ileos,
446 927 540 989 etex
555 914 621 984 illis
637 915 758 985 lovem
775 919 809 984 et
821 911 1025 995 Minervam,
1042 906 1213 978 maximos

249 1042 378 1114 scilicet
396 1051 430 1114 et
448 1037 731 1135 potentissimos,
751 1032 1036 1129 sculpsissesatis
1056 1040 1230 1129 apparet.¹
1255 1049 1258 1054 ·
1310 1038 1312 1042 '
1335 1076 1338 1082 ·
1370 1027 1372 1032 ’

250 1165 355 1239 Etad
378 1165 413 1235 id
437 1161 532 1255 quod
556 1154 793 1232 demonstrare
811 1157 987 1250 cupimus,
1015 1156 1133 1226 Venus
1157 1154 1215 1225 illa

251 1289 402 1362 coelestis
416 1308 497 1380 quae
514 1285 646 1357 Phidiae
669 1283 844 1380 tribuitur,
868 1282 1115 1374 argumentum¹
1128 1299 1216 1374 quo-

104 1498 108 1503 ·
253 1434 321 1505 que
337 1409 594 1506 suppeditabit(
620 1408 645 1503 ).

689 1641 775 1731 §11-
887 1663 924 1672 .,

338 1923 341 1927 .
387 1879 432 1937 De
448 1875 605 1948 Communi
618 1887 649 1932 et
661 1874 743 1931 sarid
758 1874 926 1975 Gpaecorum
941 1873 1085 1932 lllinervd.

300 2101 429 2170 Omnes
450 2093 523 2164 lere
542 2092 684 2164 Graeciae
707 2092 822 2186 populi
847 2087 1219 2165 communes'babudre

151 2269 153 2272 >
185 2214 187 2218 ⁴
251 2224 355 2293 Deos.
371 2208 531 2289 Attamen
542 2216 718 2287 communi
732 2217 804 2287 Deo
817 2215 966 2310 quisque
977 2217 1146 2310 privatam
1160 2216 1219 2289 tri·
1271 2309 1275 2320 Ι

119 2336 125 2347 “
252 2342 382 2415 buebat
403 2341 555 2412 indolem
574 2351 609 2411 et
634 2361 733 2411 suum
753 2339 902 2433 quodam
928 2340 1033 2413 modo
1056 2340 1218 2428 iaciebat,

168 2510 174 2519 ·
246 2466 298 2539 ‘ita
315 2476 354 2537 ut
367 2466 410 2543 in,
425 2485 638 2558 unoquoque
653 2466 805 2535 Deorum
824 2473 873 2535 tot
888 2464 957 2536 sint
972 2474 1007 2537 et
1027 2474 1218 2559 appareant

254 2590 396 2662 numina
414 2599 498 2683 quot
519 2569 556 2658 in
574 2587 705 2660 Graecia
726 2588 835 2659 varim
851 2588 945 2661 luere
965 2599 1098 2681 gentes.
1118 2589 1221 2675 Quod

253 2717 298 2789 de
316 2714 471 2786 Minerva
494 2735 566 2785 non
587 2713 702 2784 minus
724 2735 826 2805 quam
846 2713 890 2785 de
908 2715 1042 2786 caeteris
1061 2714 1133 2787 Diis
1155 2736 1220 2788 ve·

254 2863 332 2911 rum
351 2849 414 2911 est.
439 2839 539 2909 Nunc
563 2848 678 2908 autem
701 2848 897 2931 quaerentes
927 2861 971 2910 an
997 2839 1137 2911 Phidias
1161 2841 1222 2932 qui

255 2962 514 3037 celeberrimam
529 2962 619 3032 inter
639 2983 760 3033 omnes
781 2962 973 3033 Minervam
996 2963 1088 3050 iecit,
1110 2963 1224 3057 ipsum

256 3109 318 3181 per
339 3108 377 3158 se
402 3082 583 3178 pulchrum
606 3084 770 3174 attigerit,
793 3083 991 3157 discernere
1012 3107 1154 3159 necesse
1173 3099 1225 3160 est

189 3231 192 3239 ’
257 3210 372 3282 utrium
398 3198 623 3281 communem
641 3230 686 3279 an
712 3208 880 3302 privatam
900 3211 1007 3281 Deam
1026 3212 1221 3306 sculpserit,

258 3345 293 3408 et
314 3335 442 3428 quibus
464 3334 558 3406 illam
583 3333 722 3407 dotibus
747 3345 819 3405 tum
845 3335 952 3406 animi
976 3346 1048 3407 tum
1069 3337 1226 3431 corporis

260 3467 417 3532 ornatam
434 3457 470 3527 in
489 3456 746 3552 Hecatompedo
762 3458 928 3552 posuerit.

308 3583 346 3654 ln
364 3581 540 3678 plerisque
559 3589 713 3653 veterum
731 3580 857 3652 fabulis
875 3593 1017 3672 castam,
1038 3581 1222 3674 virginem,
1284 3671 1287 3676 Ι

260 3705 534 3800 virginitatisque
569 3703 753 3798 praesidem
786 3704 977 3776 Minervam
1012 3707 1222 3779 invenimus.

261 3831 386 3901 Ferunt
400 3830 563 3925 libycum
587 3828 798 3917 Minervam,
829 3830 990 3924 Neptuno
1018 3840 1053 3901 et
1076 3831 1226 3904 Tritonis

260 3956 357 4026 lacus
376 3953 528 4050 nympha
542 3965 657 4027 natam
671 3955 848 4029 adiuvem
862 3955 1056 4048 confugisse
1069 3967 1108 4030 ut
1120 3960 1228 4054 petris

302 4161 342 4239 (ι)
363 4161 529 4237 Pausanl,
550 4170 596 4235 rt,
614 4183 641 4235 7.
655 4163 815 4237 -vl,35,
832 4184 858 4223 r.
