3098 5206
671 792 708 803 ..
731 766 829 818 53--

266 904 380 968 mente
399 903 556 973 totocum
574 892 756 985 splendore
770 913 835 963 suo
850 892 990 963 eximiae
1005 892 1228 985 pulchritudi-

265 1020 320 1091 nis
354 1020 516 1111 effulgeat
543 1018 687 1110 species,
708 1027 905 1112 exspectat,
944 1038 1007 1088 nec
1037 1016 1160 1104 invita,
1195 1028 1233 1088 ut

266 1147 377 1228 aiunt,
398 1142 533 1213 laborat
546 1140 715 1211 Minerva.
739 1139 840 1225 Quod
856 1139 996 1233 quidem
1016 1139 1138 1211 fecisse
1155 1140 1235 1210 Phi·

262 1265 357 1336 diam
376 1273 512 1337 constat
527 1263 582 1334 cui
614 1262 780 1356 tempore,
811 1261 895 1351 otiu,
926 1259 1123 1354 magnaque
1145 1282 1232 1355 opus

263 1401 337 1462 erat
352 1389 610 1483 tranquillitate,
625 1398 697 1459 tum
711 1388 871 1459 utdonec
883 1388 1020 1458 adesset
1036 1409 1166 1457 numen
1179 1407 1235 1457 ex·

262 1523 443 1608 spectaret,
460 1524 531 1583 tum
550 1523 586 1583 ut
607 1513 652 1584 ad
666 1513 792 1599 ideam,
807 1533 912 1606 quam
927 1512 1064 1582 adlatus
1079 1522 1114 1583 et
1131 1533 1232 1582 com-

265 1651 380 1710 motus
403 1638 562 1732 praesenti
581 1638 647 1708 deo
666 1647 890 1731 conceperat,
909 1644 1017 1707 artem
1036 1646 1070 1706 et
1091 1657 1232 1705 manum

265 1763 441 1857 aptissime
457 1762 633 1854 dirigeret.

617 2034 619 2039 Δ
689 1940 805 2031 §vu

461 2131 539 2203 Quid
553 2133 569 2189 e
586 2129 675 2190 rebus
690 2151 780 2208 supra
795 2130 881 2188 dictis
897 2142 1042 2206 sequatur.

314 2290 416 2375 Quod
429 2289 457 2360 si
472 2311 537 2360 nos
549 2310 646 2360 mens
660 2298 775 2360 nostra
789 2309 857 2360 non
873 2288 1011 2373 refellit,
1028 2311 1072 2372 ex
1087 2287 1234 2382 hisquae

262 2416 334 2506 jam
350 2413 506 2485 diximus
521 2413 676 2506 sequitur
694 2440 702 2483 :

316 2533 355 2605 l⁰
372 2515 527 2606 Phidiam
543 2535 578 2605 in
592 2536 744 2606 Deorum
761 2535 885 2606 naturd
898 2556 1067 2605 summam
1084 2535 1235 2605 residere

265 2658 554 2754 pulchritudinem
571 2659 771 2750 credidisse,
790 2659 919 2753 quippe
937 2658 997 2752 qui
1015 2658 1068 2730 his
1082 2657 1235 2729 efficien-

265 2781 319 2853 dis
340 2791 448 2852 totum
476 2783 655 2872 ingenium
678 2782 831 2870 dederit,
855 2793 1032 2875 totumque
1050 2804 1235 2874 consump·

266 2906 348 2977 serit
365 2907 448 2977 vitae
464 2907 626 2999 spatium.
1134 2889 1136 2893 Α

198 3102 200 3107 ,
314 3031 351 3096 2⁰
370 3029 520 3099 Deorum
539 3030 825 3122 pulchritudinem
848 3029 882 3099 in
908 3049 949 3100 eo
965 3037 1121 3099 constare
1136 3029 1234 3100 intol-

268 3150 393 3221 lexisse
423 3149 519 3243 quud
552 3154 815 3245 pulcherrimum
851 3152 1018 3224 habereut
1051 3154 1231 3236 animum,

267 3274 416 3366 ideoque
437 3297 497 3346 eos
526 3276 671 3368 elegisse
697 3276 910 3368 effingendos
931 3277 1021 3347 Deos
1048 3275 1107 3366 qui
1131 3297 1235 3367 supra

268 3408 410 3468 caeteros
424 3419 543 3468 omnes
558 3413 684 3488 essent,
701 3401 820 3471 lovem
836 3399 966 3471 scilicet
980 3408 1014 3470 et
1028 3398 1233 3485 lllinervam,

268 3522 379 3615 iisque
393 3524 580 3616 perlectum
599 3523 749 3593 animum
772 3523 939 3594 tribuisse.

318 3648 357 3717 3ο
370 3649 442 3718 Hoc
458 3647 503 3717 illi
520 3647 622 3719 luisse
636 3659 850 3741 compertum
867 3666 943 3718 non·
953 3649 1056 3738 hujus
1072 3658 1131 3717 aut
1144 3647 1236 3717 illius

269 3779 440 3858 naturam,
456 3771 516 3842 sed
533 3772 685 3841 animum
700 3794 803 3864 quem
818 3774 907 3843 Deos
920 3792 1041 3843 omnes
1060 3771 1236 3863 possidere

269 3893 418 3979 deceret,
437 3915 504 3966 non
522 3893 588 3964 καθ’
601 3899 741 3984 ἕκαστον,
754 3896 814 3967 sed
829 3895 900 3964 καθ’
912 3899 983 3963 ὅλου
997 3895 1150 3965 animum
1163 3895 1236 3988 pul·
1252 3948 1255 3955 .

269 4017 475 4088 cherrimum
500 4042 596 4109 esse,
621 4033 654 4091 et
673 4022 718 4093 ob
740 4042 815 4092 eam
836 4042 906 4092 rem
930 4020 1026 4098 illum
1044 4020 1235 4090 Minervam

268 4124 457 4231 lovemque
476 4140 517 4212 iis
537 4145 668 4215 tantirm
687 4145 850 4238 praeditos
868 4145 988 4215 iecisse
1002 4143 1141 4215 dotibus
1156 4165 1235 4237 quae
