3098 5206
640 785 804 836 ...11-

294 907 333 978 l⁰
352 908 652 1000 Antiquissimum
677 918 763 981 toste
788 908 969 996 Pausania,
987 930 1033 980 ex
1050 910 1212 981 omnibus

244 1032 375 1106 Phidiae
395 1033 560 1128 operibus
577 1032 728 1123 signnm,
746 1032 954 1105 Pellenensis
976 1033 1144 1118 Minerva,
1159 1042 1211 1105 'ex

245 1158 352 1229 ebore
373 1170 407 1229 et
434 1177 532 1243 auro,
559 1176 664 1248 quam
691 1155 932 1228 elaboraverat
958 1165 1142 1250 antequam
1168 1158 1214 1229 ab

246 1280 516 1355 Atheniensibus
538 1282 708 1374 Πρόμαχον
731 1290 802 1351 eta
822 1280 1071 1353 Plataeensibns
1087 1280 1213 1353 Aream

245 1402 699 1497 faciendasaooepissetll).
738 1424 740 1428 ⁴

294 1532 337 1598 2⁰
361 1526 517 1601 Minerva
532 1531 731 1624 Πρόμαχος,
746 1548 885 1599 aeneum
908 1530 1092 1616 colossum,
1114 1529 1214 1622 qnod

246 1654 283 1725 in
306 1675 384 1726 aroe
407 1650 653 1740 Athenienses,
673 1652 719 1723 de
737 1649 855 1744 preda
873 1651 1085 1724 Marathonia
1116 1652 1213 1725 dedi·

246 1763 486 1871 cavoruutlbl.
749 1805 751 1809 ¹
1141 1801 1154 1819 ⁶

296 1900 334 1972 3⁰
351 1901 508 1974 Minerva
526 1901 628 1989 Area,
659 1902 695 1971 in
719 1900 886 1970 Minervae
917 1901 996 1972 lano
1019 1901 1112 1995 apud
1138 1902 1213 1974 Pla-

245 2040 392 2102 taeeuses
405 2026 536 2121 posita,
558 2027 658 2116 cujus
671 2045 725 2113 os,
740 2046 866 2096 manus
885 2036 919 2096 et
933 2026 1040 2118 pedes
1058 2026 1080 2098 ὸ
1098 2030 1212 2120 pente

246 2152 313 2224 lieo
346 2149 478 2244 lepide,
509 2169 636 2241 eorpus
659 2169 681 2218 e
704 2148 798 2237 ligno
823 2157 858 2219 et
879 2149 1087 2220 inauratum.
1116 2152 1214 2222 Hane

247 2271 350 2344 valde
376 2273 554 2363 antiquam
585 2270 690 2342 babet
717 2272 902 2357 Mullorua,
936 2280 1054 2364 utpote
1083 2295 1164 2365 quae
1194 2273 1215 2344 ὲ

249 2394 368 2489 praedi
393 2390 628 2481 Marathonia,
657 2394 827 2488 proximis
852 2404 928 2488 post
954 2416 1031 2466 eam
1062 2418 1215 2491 pugnam

248 2519 349 2592 annis
363 2518 518 2590 eonlwta
535 2518 639 2591 fuerit
651 2517 720 2612 (3).

298 2643 339 2713 4⁰
361 2645 400 2715 ln
421 2641 510 2714 Aroe
534 2642 696 2715 Eleorum
719 2643 809 2715 vidit
830 2644 1021 2715 Pausanias
1048 2643 1218 2715 Minervae

247 2767 387 2859 signum
410 2788 495 2840 auro
520 2776 557 2838 et·
570 2767 687 2838 ebore
710 2765 929 2854 fabricatum,
955 2766 1086 2839 Phidiae
1110 2788 1213 2861 opus,

249 2893 347 2982 eujus
360 2893 397 2962 in
410 2890 544 2964 casside
555 2877 734 2964 insistebat
747 2891 857 2983 gallus
871 2889 1094 2981 gallinaceus,
1110 2912 1215 2984 quam

249 3015 443 3087 Minervam
461 3017 633 3109 Erganam
657 3037 733 3086 esse
758 3024 990 3107 cognomento
1010 3037 1055 3085 ex
1073 3015 1132 3087 illa
1150 3036 1217 3088 avo

250 3141 390 3232 oonjieit
404 3138 470 3236 (l).

300 3263 339 3335 5⁰
357 3265 412 3336 Ad
431 3265 507 3336 baeo
529 3263 675 3336 Palladis
701 3264 861 3335 Phidiaca
879 3264 1060 3336 simulacra
1083 3264 1216 3336 adden·
1273 3245 1275 3248 ’

251 3388 333 3457 dnm
350 3387 517 3458 Minervae
528 3385 692 3472 Lemniae,
708 3386 804 3477 quod
817 3387 838 3457 a
852 3386 1002 3458 Lemniis
1017 3386 1214 3458 dedicatum

252 3519 324 3582 orat
342 3509 501 3601 signum,
525 3519 594 3580 tam
618 3509 758 3581 eximiae
779 3509 1054 3602 pulchritudinis,
1077 3519 1114 3580 ut
1134 3509 1215 3580 inde

292 3823 329 3898 (ι)
351 3823 486 3892 pausam,
498 3821 562 3897 vll,
577 3841 623 3895 27,
636 3842 663 3879 n.

293 3926 330 4002 (a)
363 3926 568 4006 lbid.,lll‚t‚
584 3928 740 4003 ι.ΡΙὶηἱιιε,
755 3929 819 3988 Nat.
831 3929 914 4001 Uist,
929 3928 1056 4000 XXXIV,
1069 3929 1097 3987 8.
1143 3998 1146 4006 Ι

293 4027 332 4109 (3)
353 4031 487 4103 Pausan.‚
500 4032 548 4106 lx,
567 4042 593 4103 4,
612 4055 639 4091 1.

295 4139 334 4214 (4)
355 4137 440 4210 lbid„
455 4139 501 4208 vl,
518 4141 566 4210 26,
579 4142 606 4197 3.
