<?xml version="1.0" encoding="UTF-8"?>
<!DOCTYPE html PUBLIC "-//W3C//DTD XHTML 1.0 Transitional//EN"
    "http://www.w3.org/TR/xhtml1/DTD/xhtml1-transitional.dtd">
<html xmlns="http://www.w3.org/1999/xhtml" xml:lang="en" lang="en">
 <head>
  <title>
</title>
<meta http-equiv="Content-Type" content="text/html;charset=utf-8" />
  <meta name='ocr-system' content='tesseract 3.04.00' />
  <meta name='ocr-capabilities' content='ocr_page ocr_carea ocr_par ocr_line ocrx_word'/>
</head>
<body>
  <div class='ocr_page' id='page_1' title='image "./quidphidiaeplat00lvgoog_0075.png"; bbox 0 0 3098 5206; ppageno 0'>
   <div class='ocr_carea' id='block_1_1' title="bbox 729 731 888 780">
    <p class='ocr_par' dir='ltr' id='par_1_1' title="bbox 729 731 888 780">
     <span class='ocr_line' id='line_1_1' title="bbox 729 731 888 780; baseline 0 -16"><span class='ocrx_word' id='word_1_1' title='bbox 729 731 888 780; x_wconf 71' lang='lat'>..62...</span> 
     </span>
    </p>
   </div>
   <div class='ocr_carea' id='block_1_2' title="bbox 270 851 1386 2288">
    <p class='ocr_par' dir='ltr' id='par_1_2' title="bbox 270 851 1386 2288">
     <span class='ocr_line' id='line_1_2' title="bbox 328 851 1293 945; baseline 0.004 -20"><span class='ocrx_word' id='word_1_2' title='bbox 328 854 432 926; x_wconf 91' lang='lat' dir='ltr'><strong>ditam</strong></span> <span class='ocrx_word' id='word_1_3' title='bbox 453 863 486 924; x_wconf 91' lang='lat' dir='ltr'><strong>et</strong></span> <span class='ocrx_word' id='word_1_4' title='bbox 506 872 547 923; x_wconf 87' lang='lat' dir='ltr'><strong>ea</strong></span> <span class='ocrx_word' id='word_1_5' title='bbox 566 851 820 944; x_wconf 88' lang='lat' dir='ltr'><strong>pulchritudine</strong></span> <span class='ocrx_word' id='word_1_6' title='bbox 842 875 945 945; x_wconf 89' lang='lat' dir='ltr'><strong>quam</strong></span> <span class='ocrx_word' id='word_1_7' title='bbox 971 864 1125 925; x_wconf 90' lang='lat' dir='ltr'><strong>actorum</strong></span> <span class='ocrx_word' id='word_1_8' title='bbox 1157 869 1190 928; x_wconf 88' lang='lat' dir='ltr'><strong>et</strong></span> <span class='ocrx_word' id='word_1_9' title='bbox 1210 861 1293 931; x_wconf 88' lang='lat' dir='ltr'><strong>laci-</strong></span> 
     </span>
     <span class='ocr_line' id='line_1_3' title="bbox 325 974 1291 1062; baseline 0.009 -18"><span class='ocrx_word' id='word_1_10' title='bbox 325 997 448 1045; x_wconf 85' lang='lat' dir='ltr'><strong>norum</strong></span> <span class='ocrx_word' id='word_1_11' title='bbox 463 995 539 1048; x_wconf 83' lang='lat' dir='ltr'><strong>esse</strong></span> <span class='ocrx_word' id='word_1_12' title='bbox 553 974 635 1046; x_wconf 93' lang='lat' dir='ltr'><strong>dicit</strong></span> <span class='ocrx_word' id='word_1_13' title='bbox 652 976 769 1061; x_wconf 87' lang='lat' dir='ltr'><strong>Plato,</strong></span> <span class='ocrx_word' id='word_1_14' title='bbox 787 975 911 1046; x_wconf 84' lang='lat' dir='ltr'><strong>ellecit.</strong></span> <span class='ocrx_word' id='word_1_15' title='bbox 927 977 1078 1062; x_wconf 83' lang='lat' dir='ltr'><strong>Deinde,</strong></span> <span class='ocrx_word' id='word_1_16' title='bbox 1094 979 1113 1048; x_wconf 75' lang='lat' dir='ltr'><strong>a</strong></span> <span class='ocrx_word' id='word_1_17' title='bbox 1129 986 1291 1053; x_wconf 85' lang='lat' dir='ltr'><strong>maximae</strong></span> 
     </span>
     <span class='ocr_line' id='line_1_4' title="bbox 326 1099 1353 1195; baseline 0.006 -25"><span class='ocrx_word' id='word_1_18' title='bbox 326 1101 407 1171; x_wconf 88' lang='lat' dir='ltr'><strong>Deae</strong></span> <span class='ocrx_word' id='word_1_19' title='bbox 426 1100 552 1171; x_wconf 89' lang='lat' dir='ltr'><strong>virtute</strong></span> <span class='ocrx_word' id='word_1_20' title='bbox 573 1110 607 1171; x_wconf 92' lang='lat' dir='ltr'><strong>et</strong></span> <span class='ocrx_word' id='word_1_21' title='bbox 627 1099 853 1184; x_wconf 79' lang='lat' dir='ltr'><strong>facinoribus,</strong></span> <span class='ocrx_word' id='word_1_22' title='bbox 875 1100 920 1170; x_wconf 89' lang='lat' dir='ltr'><strong>ad</strong></span> <span class='ocrx_word' id='word_1_23' title='bbox 940 1101 1048 1194; x_wconf 88' lang='lat' dir='ltr'><strong>ipsius</strong></span> <span class='ocrx_word' id='word_1_24' title='bbox 1076 1103 1290 1195; x_wconf 77' lang='lat' dir='ltr'><strong>prudentiam</strong></span> <span class='ocrx_word' id='word_1_25' title='bbox 1349 1125 1353 1131; x_wconf 88' lang='lat'>·</span> 
     </span>
     <span class='ocr_line' id='line_1_5' title="bbox 326 1223 1289 1317; baseline 0.002 -22"><span class='ocrx_word' id='word_1_26' title='bbox 326 1234 360 1295; x_wconf 90' lang='lat' dir='ltr'><strong>et</strong></span> <span class='ocrx_word' id='word_1_27' title='bbox 386 1223 642 1315; x_wconf 68' lang='lat' dir='ltr'><strong>intelligentiam</strong></span> <span class='ocrx_word' id='word_1_28' title='bbox 673 1223 914 1317; x_wconf 79' lang='lat' dir='ltr'><strong>progrediente</strong></span> <span class='ocrx_word' id='word_1_29' title='bbox 926 1233 1030 1296; x_wconf 87' lang='lat' dir='ltr'><strong>aetate</strong></span> <span class='ocrx_word' id='word_1_30' title='bbox 1051 1247 1127 1295; x_wconf 89' lang='lat' dir='ltr'><strong>sese</strong></span> <span class='ocrx_word' id='word_1_31' title='bbox 1150 1228 1289 1310; x_wconf 82' lang='lat' dir='ltr'><strong>evexit,</strong></span> 
     </span>
     <span class='ocr_line' id='line_1_6' title="bbox 325 1347 1291 1443; baseline 0.002 -24"><span class='ocrx_word' id='word_1_32' title='bbox 325 1349 431 1443; x_wconf 91' lang='lat' dir='ltr'><strong>inque</strong></span> <span class='ocrx_word' id='word_1_33' title='bbox 439 1349 666 1420; x_wconf 89' lang='lat' dir='ltr'><strong>Parthenonis</strong></span> <span class='ocrx_word' id='word_1_34' title='bbox 680 1347 847 1418; x_wconf 85' lang='lat' dir='ltr'><strong>lllinervae</strong></span> <span class='ocrx_word' id='word_1_35' title='bbox 861 1349 958 1416; x_wconf 92' lang='lat' dir='ltr'><strong>vultu</strong></span> <span class='ocrx_word' id='word_1_36' title='bbox 971 1347 1073 1437; x_wconf 89' lang='lat' dir='ltr'><strong>hanc,</strong></span> <span class='ocrx_word' id='word_1_37' title='bbox 1089 1371 1170 1442; x_wconf 89' lang='lat' dir='ltr'><strong>quae</strong></span> <span class='ocrx_word' id='word_1_38' title='bbox 1183 1352 1291 1422; x_wconf 84' lang='lat' dir='ltr'><strong>scien</strong></span> 
     </span>
     <span class='ocr_line' id='line_1_7' title="bbox 325 1470 1290 1569; baseline 0.005 -26"><span class='ocrx_word' id='word_1_39' title='bbox 325 1474 413 1544; x_wconf 91' lang='lat' dir='ltr'><strong>tiisa</strong></span> <span class='ocrx_word' id='word_1_40' title='bbox 434 1473 577 1543; x_wconf 90' lang='lat' dir='ltr'><strong>Platone</strong></span> <span class='ocrx_word' id='word_1_41' title='bbox 591 1474 797 1563; x_wconf 76' lang='lat' dir='ltr'><strong>assignatur,</strong></span> <span class='ocrx_word' id='word_1_42' title='bbox 817 1470 1103 1563; x_wconf 90' lang='lat' dir='ltr'><strong>pulchritudinem</strong></span> <span class='ocrx_word' id='word_1_43' title='bbox 1120 1475 1290 1569; x_wconf 86' lang='lat' dir='ltr'><strong>impressit</strong></span> 
     </span>
     <span class='ocr_line' id='line_1_8' title="bbox 270 1574 1289 1711; baseline 0.005 -43"><span class='ocrx_word' id='word_1_44' title='bbox 270 1628 272 1633; x_wconf 95' lang='lat'>·</span> <span class='ocrx_word' id='word_1_45' title='bbox 323 1619 401 1669; x_wconf 92' lang='lat' dir='ltr'><strong>cum</strong></span> <span class='ocrx_word' id='word_1_46' title='bbox 416 1597 610 1689; x_wconf 75' lang='lat' dir='ltr'><strong>virginitate</strong></span> <span class='ocrx_word' id='word_1_47' title='bbox 627 1608 661 1668; x_wconf 92' lang='lat' dir='ltr'><strong>et</strong></span> <span class='ocrx_word' id='word_1_48' title='bbox 684 1598 811 1669; x_wconf 92' lang='lat' dir='ltr'><strong>virtute</strong></span> <span class='ocrx_word' id='word_1_49' title='bbox 826 1574 1160 1711; x_wconf 45' lang='lat' dir='ltr'><strong>mujunctamffuid</strong></span> <span class='ocrx_word' id='word_1_50' title='bbox 1174 1612 1289 1673; x_wconf 89' lang='lat' dir='ltr'><strong>autem</strong></span> 
     </span>
     <span class='ocr_line' id='line_1_9' title="bbox 323 1720 1287 1816; baseline 0.005 -25"><span class='ocrx_word' id='word_1_51' title='bbox 323 1721 371 1791; x_wconf 90' lang='lat' dir='ltr'><strong>illi</strong></span> <span class='ocrx_word' id='word_1_52' title='bbox 388 1731 461 1815; x_wconf 92' lang='lat' dir='ltr'><strong>tum</strong></span> <span class='ocrx_word' id='word_1_53' title='bbox 474 1721 639 1808; x_wconf 91' lang='lat' dir='ltr'><strong>restabat,</strong></span> <span class='ocrx_word' id='word_1_54' title='bbox 662 1721 727 1791; x_wconf 93' lang='lat' dir='ltr'><strong>nisi</strong></span> <span class='ocrx_word' id='word_1_55' title='bbox 746 1730 785 1790; x_wconf 93' lang='lat' dir='ltr'><strong>ut</strong></span> <span class='ocrx_word' id='word_1_56' title='bbox 802 1721 836 1791; x_wconf 93' lang='lat' dir='ltr'><strong>in</strong></span> <span class='ocrx_word' id='word_1_57' title='bbox 849 1720 925 1813; x_wconf 91' lang='lat' dir='ltr'><strong>ipso</strong></span> <span class='ocrx_word' id='word_1_58' title='bbox 941 1720 1077 1815; x_wconf 76' lang='lat' dir='ltr'><strong>Olympi</strong></span> <span class='ocrx_word' id='word_1_59' title='bbox 1090 1722 1205 1795; x_wconf 93' lang='lat' dir='ltr'><strong>limine</strong></span> <span class='ocrx_word' id='word_1_60' title='bbox 1216 1726 1287 1816; x_wconf 86' lang='lat' dir='ltr'><strong>jam</strong></span> 
     </span>
     <span class='ocr_line' id='line_1_10' title="bbox 322 1829 1386 1939; baseline 0 -21"><span class='ocrx_word' id='word_1_61' title='bbox 322 1847 447 1919; x_wconf 89' lang='lat' dir='ltr'><strong>sedens</strong></span> <span class='ocrx_word' id='word_1_62' title='bbox 462 1858 495 1918; x_wconf 94' lang='lat' dir='ltr'><strong>et</strong></span> <span class='ocrx_word' id='word_1_63' title='bbox 520 1847 681 1939; x_wconf 89' lang='lat' dir='ltr'><strong>propiore</strong></span> <span class='ocrx_word' id='word_1_64' title='bbox 708 1846 769 1916; x_wconf 89' lang='lat' dir='ltr'><strong>Dei</strong></span> <span class='ocrx_word' id='word_1_65' title='bbox 795 1845 933 1916; x_wconf 88' lang='lat' dir='ltr'><strong>afflatus</strong></span> <span class='ocrx_word' id='word_1_66' title='bbox 952 1847 1112 1933; x_wconf 89' lang='lat' dir='ltr'><strong>numine,</strong></span> <span class='ocrx_word' id='word_1_67' title='bbox 1139 1850 1286 1920; x_wconf 87' lang='lat' dir='ltr'><strong>Deorum</strong></span> <span class='ocrx_word' id='word_1_68' title='bbox 1380 1829 1386 1837; x_wconf 42' lang='lat'><strong>⁴</strong></span> 
     </span>
     <span class='ocr_line' id='line_1_11' title="bbox 324 1968 1288 2062; baseline 0.002 -24"><span class='ocrx_word' id='word_1_69' title='bbox 324 1991 438 2061; x_wconf 79' lang='lat' dir='ltr'><strong>regem</strong></span> <span class='ocrx_word' id='word_1_70' title='bbox 461 1971 588 2062; x_wconf 92' lang='lat' dir='ltr'><strong>ipsum,</strong></span> <span class='ocrx_word' id='word_1_71' title='bbox 614 1970 732 2061; x_wconf 90' lang='lat' dir='ltr'><strong>sicque</strong></span> <span class='ocrx_word' id='word_1_72' title='bbox 751 1972 825 2037; x_wconf 81' lang='grc' dir='ltr'>αὐτὸ</span> <span class='ocrx_word' id='word_1_73' title='bbox 847 1968 912 2038; x_wconf 79' lang='grc' dir='ltr'>καθ’</span> <span class='ocrx_word' id='word_1_74' title='bbox 933 1970 1007 2038; x_wconf 82' lang='grc' dir='ltr'>αὐτὸ</span> <span class='ocrx_word' id='word_1_75' title='bbox 1027 1972 1122 2037; x_wconf 81' lang='grc' dir='ltr'>καλόν</span> <span class='ocrx_word' id='word_1_76' title='bbox 1136 1981 1288 2042; x_wconf 91' lang='lat' dir='ltr'><strong>contem·</strong></span> 
     </span>
     <span class='ocr_line' id='line_1_12' title="bbox 322 2092 1287 2189; baseline 0 -27"><span class='ocrx_word' id='word_1_77' title='bbox 322 2095 492 2189; x_wconf 85' lang='lat' dir='ltr'><strong>piaretur,</strong></span> <span class='ocrx_word' id='word_1_78' title='bbox 508 2104 543 2165; x_wconf 92' lang='lat' dir='ltr'><strong>et</strong></span> <span class='ocrx_word' id='word_1_79' title='bbox 565 2093 686 2164; x_wconf 81' lang='lat' dir='ltr'><strong>acoelo</strong></span> <span class='ocrx_word' id='word_1_80' title='bbox 714 2094 748 2162; x_wconf 90' lang='lat' dir='ltr'><strong>in</strong></span> <span class='ocrx_word' id='word_1_81' title='bbox 775 2103 897 2164; x_wconf 91' lang='lat' dir='ltr'><strong>terram</strong></span> <span class='ocrx_word' id='word_1_82' title='bbox 924 2092 1006 2164; x_wconf 87' lang='lat' dir='ltr'><strong>artis</strong></span> <span class='ocrx_word' id='word_1_83' title='bbox 1022 2114 1094 2163; x_wconf 83' lang='lat' dir='ltr'><strong>suae</strong></span> <span class='ocrx_word' id='word_1_84' title='bbox 1123 2094 1287 2164; x_wconf 90' lang='lat' dir='ltr'><strong>miraculo</strong></span> 
     </span>
     <span class='ocr_line' id='line_1_13' title="bbox 323 2216 611 2288; baseline -0.007 -2"><span class='ocrx_word' id='word_1_85' title='bbox 323 2216 533 2288; x_wconf 84' lang='lat' dir='ltr'><strong>deduceret?</strong></span> <span class='ocrx_word' id='word_1_86' title='bbox 607 2230 611 2238; x_wconf 84' lang='lat'><em>&#39;</em></span> 
     </span>
    </p>
   </div>
   <div class='ocr_carea' id='block_1_3' title="bbox 320 2340 1287 2532">
    <p class='ocr_par' dir='ltr' id='par_1_3' title="bbox 320 2340 1287 2532">
     <span class='ocr_line' id='line_1_14' title="bbox 344 2340 1287 2433; baseline 0.001 -23"><span class='ocrx_word' id='word_1_87' title='bbox 344 2350 347 2360; x_wconf 90' lang='lat'>&#39;</span> <span class='ocrx_word' id='word_1_88' title='bbox 371 2340 439 2410; x_wconf 91' lang='lat' dir='ltr'><strong>Sed</strong></span> <span class='ocrx_word' id='word_1_89' title='bbox 459 2340 533 2411; x_wconf 91' lang='lat' dir='ltr'><strong>haec</strong></span> <span class='ocrx_word' id='word_1_90' title='bbox 552 2340 692 2433; x_wconf 84' lang='lat' dir='ltr'><strong>quidem</strong></span> <span class='ocrx_word' id='word_1_91' title='bbox 713 2341 891 2425; x_wconf 81' lang='lat' dir='ltr'><strong>hactenus.</strong></span> <span class='ocrx_word' id='word_1_92' title='bbox 909 2341 1008 2412; x_wconf 90' lang='lat' dir='ltr'><strong>Nunc</strong></span> <span class='ocrx_word' id='word_1_93' title='bbox 1020 2351 1135 2411; x_wconf 91' lang='lat' dir='ltr'><strong>autem</strong></span> <span class='ocrx_word' id='word_1_94' title='bbox 1150 2342 1287 2412; x_wconf 91' lang='lat' dir='ltr'><strong>conclu·</strong></span> 
     </span>
     <span class='ocr_line' id='line_1_15' title="bbox 320 2459 1286 2532; baseline 0.001 -1"><span class='ocrx_word' id='word_1_95' title='bbox 320 2461 403 2532; x_wconf 92' lang='lat' dir='ltr'><strong>dere</strong></span> <span class='ocrx_word' id='word_1_96' title='bbox 425 2480 489 2531; x_wconf 90' lang='lat' dir='ltr'><strong>nos</strong></span> <span class='ocrx_word' id='word_1_97' title='bbox 512 2460 612 2531; x_wconf 90' lang='lat' dir='ltr'><strong>liceat</strong></span> <span class='ocrx_word' id='word_1_98' title='bbox 642 2460 661 2530; x_wconf 78' lang='lat' dir='ltr'><strong>e</strong></span> <span class='ocrx_word' id='word_1_99' title='bbox 686 2459 816 2531; x_wconf 86' lang='lat' dir='ltr'><strong>Phidiae</strong></span> <span class='ocrx_word' id='word_1_100' title='bbox 849 2461 1039 2531; x_wconf 84' lang='lat' dir='ltr'><strong>simulacris</strong></span> <span class='ocrx_word' id='word_1_101' title='bbox 1071 2461 1286 2532; x_wconf 87' lang='lat' dir='ltr'><strong>verissimam</strong></span> 
     </span>
    </p>
   </div>
   <div class='ocr_carea' id='block_1_4' title="bbox 278 2583 1285 3172">
    <p class='ocr_par' dir='ltr' id='par_1_4' title="bbox 278 2583 1285 3172">
     <span class='ocr_line' id='line_1_16' title="bbox 323 2583 1285 2676; baseline 0 -20"><span class='ocrx_word' id='word_1_102' title='bbox 323 2604 455 2656; x_wconf 88' lang='lat' dir='ltr'><strong>necnon</strong></span> <span class='ocrx_word' id='word_1_103' title='bbox 484 2583 700 2674; x_wconf 80' lang='lat' dir='ltr'><strong>magnificam</strong></span> <span class='ocrx_word' id='word_1_104' title='bbox 727 2583 931 2672; x_wconf 89' lang='lat' dir='ltr'><strong>admodum,</strong></span> <span class='ocrx_word' id='word_1_105' title='bbox 952 2605 1055 2676; x_wconf 91' lang='lat' dir='ltr'><strong>quam</strong></span> <span class='ocrx_word' id='word_1_106' title='bbox 1077 2585 1120 2655; x_wconf 91' lang='lat' dir='ltr'><strong>de</strong></span> <span class='ocrx_word' id='word_1_107' title='bbox 1147 2606 1285 2658; x_wconf 91' lang='lat' dir='ltr'><strong>summa</strong></span> 
     </span>
     <span class='ocr_line' id='line_1_17' title="bbox 319 2705 1284 2801; baseline 0.002 -23"><span class='ocrx_word' id='word_1_108' title='bbox 319 2709 545 2801; x_wconf 84' lang='lat' dir='ltr'><strong>absolutaque</strong></span> <span class='ocrx_word' id='word_1_109' title='bbox 571 2705 823 2801; x_wconf 87' lang='lat' dir='ltr'><strong>pulchritudine</strong></span> <span class='ocrx_word' id='word_1_110' title='bbox 845 2708 878 2777; x_wconf 90' lang='lat' dir='ltr'><strong>in</strong></span> <span class='ocrx_word' id='word_1_111' title='bbox 899 2707 1065 2778; x_wconf 90' lang='lat' dir='ltr'><strong>Convivio</strong></span> <span class='ocrx_word' id='word_1_112' title='bbox 1084 2707 1243 2801; x_wconf 81' lang='lat' dir='ltr'><strong>scripsit,</strong></span> <span class='ocrx_word' id='word_1_113' title='bbox 1265 2710 1284 2780; x_wconf 74' lang='lat' dir='ltr'><strong>a</strong></span> 
     </span>
     <span class='ocr_line' id='line_1_18' title="bbox 319 2828 1285 2917; baseline -0.002 -15"><span class='ocrx_word' id='word_1_114' title='bbox 319 2832 457 2903; x_wconf 89' lang='lat' dir='ltr'><strong>Platone</strong></span> <span class='ocrx_word' id='word_1_115' title='bbox 470 2832 629 2903; x_wconf 87' lang='lat' dir='ltr'><strong>haustam</strong></span> <span class='ocrx_word' id='word_1_116' title='bbox 654 2829 760 2901; x_wconf 87' lang='lat' dir='ltr'><strong>fuisse</strong></span> <span class='ocrx_word' id='word_1_117' title='bbox 778 2830 983 2917; x_wconf 88' lang='lat' dir='ltr'><strong>doctrinam,</strong></span> <span class='ocrx_word' id='word_1_118' title='bbox 1006 2828 1067 2900; x_wconf 90' lang='lat' dir='ltr'><strong>illo</strong></span> <span class='ocrx_word' id='word_1_119' title='bbox 1083 2841 1196 2900; x_wconf 90' lang='lat' dir='ltr'><strong>tamen</strong></span> <span class='ocrx_word' id='word_1_120' title='bbox 1224 2850 1285 2900; x_wconf 92' lang='lat' dir='ltr'><strong>eo-</strong></span> 
     </span>
     <span class='ocr_line' id='line_1_19' title="bbox 316 2953 1282 3050; baseline -0.004 -22"><span class='ocrx_word' id='word_1_121' title='bbox 316 2957 464 3050; x_wconf 89' lang='lat' dir='ltr'><strong>demque</strong></span> <span class='ocrx_word' id='word_1_122' title='bbox 481 2955 667 3048; x_wconf 86' lang='lat' dir='ltr'><strong>modoque</strong></span> <span class='ocrx_word' id='word_1_123' title='bbox 684 2954 822 3025; x_wconf 89' lang='lat' dir='ltr'><strong>Phidias</strong></span> <span class='ocrx_word' id='word_1_124' title='bbox 843 2953 918 3048; x_wconf 90' lang='lat' dir='ltr'><strong>ipse</strong></span> <span class='ocrx_word' id='word_1_125' title='bbox 941 2954 985 3024; x_wconf 90' lang='lat' dir='ltr'><strong>ab</strong></span> <span class='ocrx_word' id='word_1_126' title='bbox 1000 2955 1147 3025; x_wconf 88' lang='lat' dir='ltr'><strong>Homero</strong></span> <span class='ocrx_word' id='word_1_127' title='bbox 1162 2954 1282 3025; x_wconf 88' lang='lat' dir='ltr'><strong>lovem</strong></span> 
     </span>
     <span class='ocr_line' id='line_1_20' title="bbox 278 3079 635 3172; baseline -0.011 -21"><span class='ocrx_word' id='word_1_128' title='bbox 278 3116 281 3125; x_wconf 94' lang='lat'>·</span> <span class='ocrx_word' id='word_1_129' title='bbox 318 3100 417 3151; x_wconf 91' lang='lat' dir='ltr'><strong>suum</strong></span> <span class='ocrx_word' id='word_1_130' title='bbox 437 3079 635 3172; x_wconf 90' lang='lat' dir='ltr'><strong>accepisset.</strong></span> 
     </span>
    </p>
   </div>
   <div class='ocr_carea' id='block_1_5' title="bbox 737 3296 866 3317">
    <p class='ocr_par' dir='ltr' id='par_1_5' title="bbox 737 3296 866 3317">
     <span class='ocr_line' id='line_1_21' title="bbox 737 3296 866 3317; baseline -0.008 -2"><span class='ocrx_word' id='word_1_131' title='bbox 737 3296 866 3317; x_wconf 52' lang='lat'><strong>¹⁴0,-</strong></span> 
     </span>
    </p>
   </div>
   <div class='ocr_carea' id='block_1_6' title="bbox 315 3458 1280 3743">
    <p class='ocr_par' dir='ltr' id='par_1_6' title="bbox 315 3458 1280 3743">
     <span class='ocr_line' id='line_1_22' title="bbox 315 3458 571 3539; baseline -0.016 -20"><span class='ocrx_word' id='word_1_132' title='bbox 315 3459 382 3519; x_wconf 86' lang='lat' dir='ltr'><strong>vidi</strong></span> <span class='ocrx_word' id='word_1_133' title='bbox 396 3481 430 3519; x_wconf 89' lang='lat' dir='ltr'><strong>uc</strong></span> <span class='ocrx_word' id='word_1_134' title='bbox 446 3458 571 3539; x_wconf 80' lang='lat' dir='ltr'><strong>perlegi,</strong></span> 
     </span>
     <span class='ocr_line' id='line_1_23' title="bbox 355 3560 1280 3637; baseline -0.002 -12"><span class='ocrx_word' id='word_1_135' title='bbox 355 3567 477 3625; x_wconf 84' lang='lat' dir='ltr'><strong>Lutetiae</strong></span> <span class='ocrx_word' id='word_1_136' title='bbox 485 3564 677 3637; x_wconf 88' lang='lat' dir='ltr'><strong>Parisiorum,</strong></span> <span class='ocrx_word' id='word_1_137' title='bbox 696 3587 721 3625; x_wconf 88' lang='lat' dir='ltr'><strong>a.</strong></span> <span class='ocrx_word' id='word_1_138' title='bbox 736 3565 798 3623; x_wconf 75' lang='lat' dir='ltr'><strong>dv</strong></span> <span class='ocrx_word' id='word_1_139' title='bbox 809 3566 848 3624; x_wconf 90' lang='lat' dir='ltr'><strong>id.</strong></span> <span class='ocrx_word' id='word_1_140' title='bbox 861 3565 973 3624; x_wconf 89' lang='lat' dir='ltr'><strong>octobr.</strong></span> <span class='ocrx_word' id='word_1_141' title='bbox 986 3586 1053 3625; x_wconf 88' lang='lat' dir='ltr'><strong>ann.</strong></span> <span class='ocrx_word' id='word_1_142' title='bbox 1064 3567 1094 3626; x_wconf 84' lang='lat' dir='ltr'>M</span> <span class='ocrx_word' id='word_1_143' title='bbox 1107 3560 1204 3625; x_wconf 83' lang='lat' dir='ltr'>DCCC</span> <span class='ocrx_word' id='word_1_144' title='bbox 1218 3565 1280 3624; x_wconf 89' lang='lat' dir='ltr'><strong>Lll.</strong></span> 
     </span>
     <span class='ocr_line' id='line_1_24' title="bbox 356 3669 1240 3743; baseline -0.006 -12"><span class='ocrx_word' id='word_1_145' title='bbox 356 3672 508 3732; x_wconf 83' lang='lat' dir='ltr'><strong>Facultatis</strong></span> <span class='ocrx_word' id='word_1_146' title='bbox 520 3672 695 3732; x_wconf 83' lang='lat' dir='ltr'><strong>Litterarum</strong></span> <span class='ocrx_word' id='word_1_147' title='bbox 714 3670 743 3728; x_wconf 90' lang='lat' dir='ltr'><strong>in</strong></span> <span class='ocrx_word' id='word_1_148' title='bbox 758 3671 913 3730; x_wconf 78' lang='lat' dir='ltr'><strong>Academia</strong></span> <span class='ocrx_word' id='word_1_149' title='bbox 924 3670 1080 3732; x_wconf 77' lang='lat' dir='ltr'><strong>parisiensi</strong></span> <span class='ocrx_word' id='word_1_150' title='bbox 1094 3669 1222 3728; x_wconf 87' lang='lat' dir='ltr'><strong>decanus</strong></span> <span class='ocrx_word' id='word_1_151' title='bbox 1230 3714 1240 3743; x_wconf 88' lang='lat'><strong>,</strong></span> 
     </span>
    </p>
   </div>
   <div class='ocr_carea' id='block_1_7' title="bbox 937 3799 1278 3865">
    <p class='ocr_par' dir='ltr' id='par_1_7' title="bbox 937 3799 1278 3865">
     <span class='ocr_line' id='line_1_25' title="bbox 937 3799 1278 3865; baseline -0.023 0"><span class='ocrx_word' id='word_1_152' title='bbox 937 3803 964 3865; x_wconf 84' lang='lat' dir='ltr'><strong>J·</strong></span> <span class='ocrx_word' id='word_1_153' title='bbox 977 3802 1060 3863; x_wconf 83' lang='lat' dir='ltr'><strong>Vror.</strong></span> <span class='ocrx_word' id='word_1_154' title='bbox 1079 3800 1127 3862; x_wconf 80' lang='lat' dir='ltr'><strong>LE</strong></span> <span class='ocrx_word' id='word_1_155' title='bbox 1146 3799 1278 3861; x_wconf 77' lang='lat' dir='ltr'>CLERC.</span> 
     </span>
    </p>
   </div>
   <div class='ocr_carea' id='block_1_8' title="bbox 433 3909 721 4136">
    <p class='ocr_par' dir='ltr' id='par_1_8' title="bbox 433 3909 721 4136">
     <span class='ocr_line' id='line_1_26' title="bbox 433 3909 721 3988; baseline -0.014 -18"><span class='ocrx_word' id='word_1_156' title='bbox 433 3911 523 3988; x_wconf 80' lang='lat' dir='ltr'><strong>Typis</strong></span> <span class='ocrx_word' id='word_1_157' title='bbox 549 3909 721 3988; x_wconf 73' lang='lat' dir='ltr'><strong>mandetur,</strong></span> 
     </span>
     <span class='ocr_line' id='line_1_27' title="bbox 512 4040 622 4136; baseline 0.018 -37"><span class='ocrx_word' id='word_1_158' title='bbox 512 4040 622 4136; x_wconf 60' lang='lat' dir='ltr'><strong>cattle</strong></span> 
     </span>
    </p>
   </div>
   <div class='ocr_carea' id='block_1_9' title="bbox 374 4166 760 4217">
    <p class='ocr_par' dir='ltr' id='par_1_9' title="bbox 374 4166 760 4217">
     <span class='ocr_line' id='line_1_28' title="bbox 374 4166 760 4217; baseline -0.005 0"><span class='ocrx_word' id='word_1_159' title='bbox 374 4167 492 4217; x_wconf 71' lang='lat' dir='ltr'><strong>nantensis</strong></span> <span class='ocrx_word' id='word_1_160' title='bbox 509 4166 644 4216; x_wconf 73' lang='lat' dir='ltr'><strong>Academiae</strong></span> <span class='ocrx_word' id='word_1_161' title='bbox 663 4170 760 4215; x_wconf 80' lang='lat' dir='ltr'><strong>nector.</strong></span> 
     </span>
    </p>
   </div>
   <div class='ocr_carea' id='block_1_10' title="bbox 0 0 1554 5206">
    <p class='ocr_par' dir='ltr' id='par_1_10' title="bbox 0 0 1554 5206">
     <span class='ocr_line' id='line_1_29' title="bbox 0 0 1554 5206; baseline 0 5"><span class='ocrx_word' id='word_1_162' title='bbox 0 0 1554 5206; x_wconf 95' lang='lat' dir='ltr'><strong> </strong></span> 
     </span>
    </p>
   </div>
  </div>
 </body>
</html>
