3098 5206
711 822 849 871 ..3-

304 948 448 1034 decore,
465 969 533 1018 non
550 946 648 1016 aliter
662 966 702 1016 ac
717 947 744 1016 si
759 944 907 1015 Platonis
923 944 1080 1031 dialogos
1091 943 1259 1034 legissem,

303 1093 360 1142 me
377 1081 516 1164 captum
528 1078 805 1162 commotumque
820 1066 973 1138 memini.

351 1195 460 1286 ldquc
479 1191 564 1261 mihi
594 1193 740 1262 sensisse
758 1192 895 1262 videtur
919 1191 1049 1261 Tullius
1068 1190 1102 1259 in
1125 1191 1267 1260 Oratore

305 1318 350 1390 de
363 1315 482 1387 Phidia
499 1315 617 1387 dicens
635 1346 643 1385 :
663 1345 679 1379 κ
697 1317 769 1388 Nec
784 1316 869 1387 vere
897 1316 955 1387 ille
981 1315 1127 1404 artifex,
1159 1315 1267 1408 quhm

310 1445 330 1506 a·
349 1443 475 1513 laceret
488 1441 740 1513 Iovislormam
758 1440 1002 1529 autMinervae,
1018 1439 1269 1534 contemplaba-

311 1594 329 1628 α
347 1576 401 1635 tur
419 1566 567 1658 aliquem
592 1564 614 1635 e
636 1584 707 1656 quo
737 1563 995 1634 similitudinem
1022 1563 1181 1648 duceret,
1208 1563 1270 1633 sed

312 1667 329 1752 i
348 1689 456 1783 insius
472 1689 508 1759 in
522 1698 638 1759 menta
655 1688 829 1760 insidebat
851 1689 983 1782 species
1008 1687 1271 1781 pulchritudinis

311 1842 329 1877 «
345 1813 472 1885 eximia
490 1814 650 1906 quadam
662 1835 766 1904 qnam
782 1814 931 1900 intuens,
947 1813 983 1882 in
998 1811 1108 1905 elque
1118 1791 1269 1898 defixus,

308 1965 326 2000 ι
343 1938 389 2009 ad
414 1938 507 2008 illius
531 1937 792 2008 similitudinem
816 1925 934 2009 'artem
957 1949 990 2008 et
1018 1959 1159 2008 manum
1191 1936 1273 2006 dirt‘
1344 2009 1348 2015 ,
1403 1936 1407 1943 ’

308 2087 325 2128 u
341 2063 446 2154 gebat
463 2062 529 2155 (l).
564 2062 651 2146 Quae
679 2061 760 2130 vero
785 2061 890 2132 verba
914 2084 959 2132 ex
984 2061 1182 2133 Academiae
1195 2081 1272 2155 spa·

306 2187 373 2268 tiis,
389 2197 429 2256 ut
441 2186 549 2279 ipsius
568 2206 728 2256 sermone
747 2196 838 2270 utar,
854 2187 1016 2270 collecta,
1037 2196 1070 2256 ct
1087 2187 1131 2256 de
1144 2181 1280 2256 Timaeo'

305 2310 468 2380 translata
483 2364 492 2396 ,
509 2330 576 2379 non
591 2308 723 2380 Phidiae
741 2310 819 2395 soli,
836 2310 897 2380 sed
914 2309 1046 2380 Platoni
1056 2309 1185 2397 etiam,
1209 2322 1274 2380 nec

306 2432 439 2503 Platoni
460 2431 604 2518 lanlhm,
622 2431 683 2502 sed
702 2432 822 2503 Timaei
835 2435 908 2503 Deo
931 2433 1098 2507 mundum
1117 2432 1160 2504 ad
1181 2433 1273 2503 idea·

305 2579 383 2627 rum
420 2556 678 2628 similitudinem
706 2558 866 2628 lormanti
897 2557 1083 2629 convenire
1114 2569 1271 2651 possunt.

308 2682 384 2768 Sic,
401 2692 543 2753 auclore
555 2683 685 2769 Tullio,
707 2682 796 2752 hanc
820 2693 943 2775 sponte
966 2691 1001 2753 et
1019 2682 1057 2752 vi
1073 2680 1202 2772 ingenii
1221 2681 1274 2752 sui

306 2807 476 2900 impulsus
503 2807 597 2876 uiam
627 2817 766 2877 secutus
790 2816 863 2876 erat
885 2807 928 2877 ad
947 2802 1212 2898 pulcherrimam
1242 2820 1276 2878 et

307 2935 379 3004 lleo
396 2933 481 3004 vere
499 2933 640 3025 dignam
660 2933 852 3006 laciendum
871 2944 931 3003 aut
948 2933 983 3002 in
999 2934 1123 3018 ebore,
1150 2942 1211 3003 ant
1238 2933 1275 3003 in

308 3076 392 3143 aere,
412 3067 472 3129 aul
487 3058 523 3127 in
541 3077 712 3129 marmore
729 3057 877 3151 speciem
896 3056 1046 3143 Phidiae,
1062 3058 1273 3150 quamPlato

308 3182 529 3271 magnacum
545 3180 771 3274 amplitudine
787 3192 821 3251 et
835 3181 999 3270 claritate,
1017 3183 1153 3274 poetico
1172 3182 1274 3252 simul

310 3483 376 3541 quae
395 3485 479 3522 nunc·
495 3465 525 3522 in
547 3465 673 3522 Londini
697 3485 797 3524 rnuseo
823 3479 907 3534 sunt,
921 3466 1065 3524 Phidiacae
1088 3470 1105 3522 e
1125 3484 1269 3546 marmore

311 3569 433 3627 deorum
448 3567 504 3627 sibi
516 3568 711 3627 redderentur
727 3569 846 3648 effigies,
864 3570 967 3629 fictiles
978 3584 1101 3640 tantum,
1116 3571 1189 3630 mira
1202 3571 1272 3648 qui-

311 3674 378 3732 denr
388 3674 562 3734 liberalitate
574 3689 604 3733 et
616 3676 692 3753 juris
708 3675 805 3734 studio
828 3677 957 3755 impulsi,
981 3678 1109 3736 Athenas
1121 3677 1205 3754 Angli
1218 3676 1274 3734 mi-

282 3778 285 3787 ’
311 3795 423 3842 serunt.
439 3788 506 3853 Quo
520 3783 551 3840 fit
573 3795 622 3856 ut,
636 3781 739 3841 diebus
751 3784 871 3856 uostris,
889 3805 925 3841 ex
947 3783 1083 3844 omnibus
1101 3783 1206 3862 quibus
1227 3804 1277 3842 or·

312 3901 413 3946 natum
434 3901 498 3947 erat
525 3901 682 3966 utrumque
711 3889 812 3967 templi
835 3889 982 3967 fastigium
1004 3889 1183 3963 simulacris,
1205 3889 1278 3948 nihil

314 4007 462 4055 ramaneat
480 3996 536 4054 nisi
559 3995 619 4054 duo
643 4015 767 4075 corpora
778 4015 925 4074 quorum,
941 3997 971 4053 in
991 3993 1165 4057 occidentali
1180 3997 1277 4056 [route

315 4099 488 4175 sedentium,
503 4120 566 4179 quae
576 4101 672 4178 prisca
681 4100 775 4160 >luerit
790 4098 884 4160 forma
899 4078 1057 4160 vix'dicere
1071 4102 1170 4180 possis.

356 4201 400 4280 (r)
418 4203 508 4260 Cicer.
523 4204 648 4273 Orator,
666 4203 699 4262 ΙΙ.

1136 4323 1162 4375 l.
