3098 5206
712 817 751 830 ..-
773 795 810 844 50
832 815 872 828 ..-

306 921 463 1006 athletas,
489 918 631 1006 sensim,
650 918 751 1008 hujus
779 918 863 988 varii
887 914 1262 1012 frequentiaque]spec·

305 1045 406 1117 taculi
425 1045 563 1116 stimulo
583 1063 678 1114 mens
697 1040 836 1114 artificis
853 1042 1015 1128 excitata,
1038 1042 1083 1113 ad
1101 1043 1264 1115 eximiam

308 1168 573 1263 pulshritudinis
591 1165 751 1261 speciem,
775 1165 877 1239 idest
900 1165 1179 1267 ideam,taudsm
1192 1188 1267 1240 sese

305 1293 441 1365 extulit.
473 1292 558 1377 Quae
578 1290 635 1361 via
659 1291 901 1380 multomagis
919 1289 1023 1383 quam
1046 1290 1136 1361 mad
1155 1295 1267 1384 eujus·

306 1417 386 1490 dam
404 1425 463 1486 aut
487 1415 650 1498 hominis,
673 1424 732 1486 aut
759 1413 859 1485 etiam
881 1414 1021 1507 perfecti
1052 1414 1268 1510 absolutique

244 1536 260 1567 '
307 1543 350 1613 ab
373 1539 500 1612 artifice
524 1539 673 1632 quodam
696 1538 838 1610 canonis
852 1537 1109 1610 similitudinem
1129 1562 1267 1614 manum

298 1666 473 1754 -duxisset,
495 1675 585 1735 certa
603 1674 686 1736 erat.
701 1665 857 1756 Namque
870 1663 1027 1735 Canunes
1042 1672 1075 1734 et
1091 1664 1269 1761 Dorypho-

306 1813 364 1864 ros
391 1790 550 1860 homines
566 1788 715 1875 iaciuut3
745 1799 779 1859 at
808 1788 1068 1883 pulchritudinis
1096 1809 1267 1864 summam

305 1915 433 2001 ideam,
451 1933 559 2007 quum
576 1933 637 1984 uos
655 1913 689 1982 in
701 1913 818 1984 'lucem
834 1912 953 1996 edidit,
967 1913 1001 1982 in
1019 1921 1132 1985 mente
1150 1925 1267 1986 nostra
1329 1895 1330 1899 ¹

265 2043 267 2048 ’
306 2040 398 2109 Deus
422 2037 494 2131 ipse
518 2035 708 2130 insculpsit.
732 2037 794 2120 Et,
815 2058 872 2107 me
894 2036 1032 2129 quidem
1048 2035 1180 2129 judice,
1212 2058 1269 2110 ca-

309 2183 417 2232 nones
440 2159 495 2230 isti
519 2160 704 2252 quibusuti
727 2161 838 2232 solent
861 2159 1021 2251 artifices,
1048 2162 1178 2233 auxilia
1200 2172 1270 2234 tan·

309 2285 394 2372 uim,
413 2306 480 2354 nou
495 2295 609 2354 autem
619 2284 830 2378 exemplaria
841 2283 909 2354 iltis
921 2305 996 2356 esse
1014 2284 1192 2373 deberent3
1205 2304 1269 2358 nec

312 2410 342 2479 si
358 2409 594 2503 doryphorum
622 2407 805 2501 quemdam
827 2408 1091 2501 contemplando
1107 2407 1271 2503 (namque

310 2556 409 2603 suum
431 2512 715 2603 florentesphidia
736 2531 890 2600 nondum
908 2530 1050 2600 forsitan
1067 2532 1274 2602 [aseratPe

312 2653 470 2750 tyeletus)
493 2654 757 2747 pulcherrimam
777 2654 929 2746 eorporis
962 2653 1101 2723 humaui
1126 2654 1270 2725 formam

310 2779 527 2872 quaesivisset
553 2778 701 2867 Phidias,
731 2797 814 2868 non,
836 2777 960 2860 hercle,
988 2777 1160 2871 perfectae
1178 2777 1266 2851 adeo

309 2901 410 2973 nobis
436 2903 586 2973 Deorum
617 2900 811 2994 reliquisset
832 2897 975 2992 effigies
1001 2900 1060 2971 ille
1077 2900 1179 2994 igitur
1197 2917 1263 2973 nou

310 3006 458 3109 καῖ-ὅλου
473 3025 598 3111 sotum,
615 3026 677 3097 sed
687 3025 877 3097 absolutam
893 3039 1034 3119 quoque
1048 3025 1084 3096 in
1096 3026 1270 3099 Hecatom·

305 3151 391 3251 ¹pedi
411 3150 520 3240 signis
534 3150 824 3243 pulchritudinem
843 3151 1027 3244 impressit.

342 3274 427 3376 ¹Sed
449 3295 529 3368 quae
553 3274 732 3347 laudamus
750 3274 938 3345 simulacra
960 3273 1075 3345 auimo
1093 3284 1128 3345 et
1157 3286 1271 3346 mente

303 3422 389 3495 qum
409 3399 445 3469 iu
461 3398 530 3475 iltis
542 3399 676 3494 spirare
688 3398 828 3471 videtur
844 3398 984 3494 pulchra
998 3410 1077 3471 sunt
1091 3399 1126 3468 in
1140 3398 1270 3490 primis.

309 3525 411 3610 Quod
437 3484 565 3618 dupiici
593 3533 783 3595 monstrare
802 3545 942 3618 possum
963 3522 1105 3596 ratione.
1131 3525 1178 3594 <Er
1209 3523 1274 3616 pri·

312 3663 420 3737 mum,
452 3645 577 3742 magna
608 3647 655 3736 vi,
684 3662 810 3740 magno
845 3649 970 3719 robore
989 3647 1088 3743 plena
1118 3642 1275 3739 mirique

311 3771 466 3843 florentia
485 3770 681 3844 valetudine
699 3780 803 3859 stant,
823 3782 883 3842 aut
895 3757 1072 3860 recubant,
1085 3779 1144 3841 aut
1155 3781 1272 3872 agunt.

312 3900 357 3976 At
375 3886 411 3967 iu
432 3898 474 3968 iis
492 3919 571 3991 quae
588 3906 719 3976 certant
737 3905 796 3968 aut
813 3917 890 3968 sese
904 3877 1094 3982 mouentis
1107 3905 1159 3967 est
1170 3917 1274 3967 mem·

312 4019 453 4101 lirorum
478 4030 513 4092 et
534 4020 689 4115 eorporis
713 4019 819 4095 totius
845 4028 957 4092 motus
973 4028 1012 4088 ut
1026 4040 1070 4091 ue
1092 4019 1272 4093 minimum

313 4144 452 4238 quidem
476 4144 598 4215 mittis
625 4153 786 4215 conatum
809 4142 971 4237 suspicari
996 4144 1106 4215 liceat.
1131 4145 1188 4215 Sia
1215 4144 1273 4217 Ml-
