3098 5206
686 697 843 792 ..234

84 886 85 891 ’
183 933 187 939 .
291 869 415 961 cuique
426 868 564 961 placuit,
579 867 724 939 divisam
738 869 947 940 etminorem
959 868 1243 948 factamconcludi

292 985 420 1086 potest.
444 992 511 1064 Sed
530 991 558 1061 si
577 992 653 1083 quis
672 1013 790 1063 omnes
811 992 902 1062 illius
921 991 1089 1062 maximas
1105 1002 1138 1064 et
1156 994 1243 1088 opti·

52 1152 70 1188 ⁴.
175 1165 177 1168 -
259 1159 263 1164 -
288 1139 367 1188 mas
382 1117 480 1189 dotes
493 1116 528 1185 in
544 1138 649 1186 unum
667 1118 855 1208 collegerit,
872 1137 1057 1208 earumque
1068 1116 1245 1211 junctione

169 1229 172 1232 ⁴
289 1218 327 1310 'et
348 1259 509 1310 connexu
528 1248 678 1310 creatum
700 1261 827 1310 numen
850 1239 885 1308 in
903 1239 1126 1333 pulcherrimo
1148 1242 1245 1312 vultu

166 1370 170 1383 '
275 1372 327 1433 ·et
340 1383 484 1455 corpore
501 1363 727 1456 expresserit,
756 1385 871 1434 nonne
889 1363 982 1432 illum
1003 1367 1039 1431 τὸ
1058 1366 1132 1433 αὐτὸ
1153 1366 1245 1432 καλὸν
1345 1434 1349 1444 ,

247 1566 250 1572 ,
293 1487 497 1576 cognovisse
517 1496 551 1558 et
569 1487 746 1559 bominum
769 1489 875 1559 oculis
896 1487 1087 1560 ostendisse
1104 1490 1181 1580 jure
1205 1510 1246 1562 ae

295 1610 415 1681 merito
435 1611 590 1682 dixeris?

719 1774 738 1864 s
764 1775 840 1852 ιιι.4

549 1949 619 2017 Quae
634 1947 721 2005 fuerit
732 1948 842 2006 Phidiae
854 1950 995 2008 Minerva.

342 2118 427 2187 Eum
461 2122 574 2184 autem
610 2112 713 2181 fuisse
748 2112 902 2182 Phidiam
935 2113 1156 2185 ostendamus
1183 2134 1248 2185 nos

294 2247 441 2331 oportet.
1213 2329 1215 2334 Ι

344 2363 382 2431 In
401 2361 465 2430 boc
485 2359 595 2453 primo
611 2358 714 2446 hujus
728 2355 867 2427 artificis
885 2379 1046 2448 magnum
1061 2359 1250 2430 declaratur

298 2481 469 2573 ingenium
484 2478 577 2571 quod
592 2478 770 2567 Minervae,
787 2479 1078 2571 praestantissimae
1092 2481 1185 2565 Deae,
1201 2489 1251 2551 tot

295 2606 472 2700 sculpserit
491 2604 669 2694 imagines.
697 2604 879 2692 Attamen,
906 2604 934 2673 si
957 2614 1035 2686 ante
1059 2605 1250 2674 absolutam

297 2730 389 2799 illam
414 2727 637 2798 Parthenonis
662 2727 870 2815 Minervam,
902 2747 947 2796 ex
975 2748 1057 2798 auro
1082 2737 1115 2797 et
1143 2727 1247 2798 ebore

199 2862 200 2866 ’
296 2854 506 2937 consectam,
535 2858 569 2919 et
590 2849 625 2918 in
646 2849 771 2940 templo
794 2870 857 2918 sno
878 2848 1021 2942 positam
1045 2849 1246 2938 interiisset,

296 2996 376 3045 eum
391 2995 452 3044 nec
470 2983 597 3044 tantam
609 2973 752 3062 gloriam
764 2971 966 3066 adepturum
980 2971 1105 3061 fuisse,
1123 2993 1188 3073 nec
1202 2973 1251 3042 in·

297 3105 349 3167 ter
368 3116 487 3166 omnes
507 3104 693 3164 statuarum
714 3093 934 3164 fabricatores
954 3093 1080 3187 primas
1102 3093 1251 3165 tenuisse
1305 3120 1308 3125 ·

298 3241 361 3314 pro
375 3231 466 3290 certo
479 3218 626 3311 quisque
644 3217 772 3289 babere
782 3226 902 3311 potest.
918 3218 971 3288 Ex
986 3217 1145 3289 omnibus
1159 3217 1250 3288 enim

298 3345 372 3435 ejus
395 3344 568 3438 operibus,
590 3351 735 3436 excepto
749 3342 823 3412 solo
837 3339 993 3435 Olympio
1011 3342 1114 3428 Jove,
1137 3341 1250 3410 maxi·

299 3488 390 3539 mam
413 3478 447 3539 et
472 3466 562 3561 apud
587 3469 738 3560 aequales
768 3477 801 3537 et
820 3466 911 3560 apud
928 3475 1081 3558 posteros
1100 3467 1250 3557 Παρθένος

298 3592 452 3663 Minerva
468 3593 589 3661 tamam
612 3589 770 3661 obtinuit.
796 3590 832 3658 ln
852 3610 893 3659 eo
910 3589 1014 3679 igitur
1028 3587 1125 3680 signo
1139 3587 1251 3659 inesse

172 3782 176 3789 ,
300 3726 334 3786 et
347 3716 474 3787 enitere
485 3714 600 3802 debet,
622 3714 657 3783 in
672 3734 712 3784 eo
726 3711 830 3804 igitur
842 3711 1027 3805 quaerenda
1040 3721 1091 3782 est
1102 3711 1159 3781 illa
1172 3713 1257 3803 pul-.

300 3833 501 3906 obritudinis
519 3833 647 3905 eximia
665 3831 794 3927 specics
807 3832 902 3922 cujus
916 3829 960 3902 ad
979 3829 1247 3919 similitudinem,
1318 3918 1321 3924 ,

301 3966 338 4024 ut
355 3957 401 4026 ait
416 3955 555 4046 Tullius,
572 3977 677 4047 quum
699 3955 864 4025 Minervae
886 3953 1027 4024 formam
1047 3954 1184 4038 faceret,
1199 3973 1250 4022 ar-

301 4087 368 4148 tem
384 4090 417 4149 et
431 4101 567 4150 manum
586 4079 754 4168 dirigebat
770 4076 918 4148 Phidias.
