<?xml version="1.0" encoding="UTF-8"?>
<!DOCTYPE html PUBLIC "-//W3C//DTD XHTML 1.0 Transitional//EN"
    "http://www.w3.org/TR/xhtml1/DTD/xhtml1-transitional.dtd">
<html xmlns="http://www.w3.org/1999/xhtml" xml:lang="en" lang="en">
 <head>
  <title>
</title>
<meta http-equiv="Content-Type" content="text/html;charset=utf-8" />
  <meta name='ocr-system' content='tesseract 3.04.00' />
  <meta name='ocr-capabilities' content='ocr_page ocr_carea ocr_par ocr_line ocrx_word'/>
</head>
<body>
  <div class='ocr_page' id='page_1' title='image "./quidphidiaeplat00lvgoog_0073.png"; bbox 0 0 3076 5212; ppageno 0'>
   <div class='ocr_carea' id='block_1_1' title="bbox 723 729 882 778">
    <p class='ocr_par' dir='ltr' id='par_1_1' title="bbox 723 729 882 778">
     <span class='ocr_line' id='line_1_1' title="bbox 723 729 882 778; baseline 0 -16"><span class='ocrx_word' id='word_1_1' title='bbox 723 729 882 778; x_wconf 69' lang='lat'>..62.-</span> 
     </span>
    </p>
   </div>
   <div class='ocr_carea' id='block_1_2' title="bbox 263 850 1380 2286">
    <p class='ocr_par' dir='ltr' id='par_1_2' title="bbox 263 850 1380 2286">
     <span class='ocr_line' id='line_1_2' title="bbox 321 850 1287 943; baseline 0.004 -20"><span class='ocrx_word' id='word_1_2' title='bbox 321 853 426 924; x_wconf 87' lang='lat' dir='ltr'>ditam</span> <span class='ocrx_word' id='word_1_3' title='bbox 446 863 480 922; x_wconf 92' lang='lat' dir='ltr'>et</span> <span class='ocrx_word' id='word_1_4' title='bbox 499 870 540 922; x_wconf 87' lang='lat' dir='ltr'>ea</span> <span class='ocrx_word' id='word_1_5' title='bbox 560 850 814 943; x_wconf 78' lang='lat' dir='ltr'>pulchritudine</span> <span class='ocrx_word' id='word_1_6' title='bbox 835 873 938 943; x_wconf 88' lang='lat' dir='ltr'>quam</span> <span class='ocrx_word' id='word_1_7' title='bbox 965 863 1119 923; x_wconf 78' lang='lat' dir='ltr'>act-orum</span> <span class='ocrx_word' id='word_1_8' title='bbox 1151 867 1184 926; x_wconf 90' lang='lat' dir='ltr'>et</span> <span class='ocrx_word' id='word_1_9' title='bbox 1203 858 1287 929; x_wconf 85' lang='lat' dir='ltr'>laci·</span> 
     </span>
     <span class='ocr_line' id='line_1_3' title="bbox 320 973 1285 1062; baseline 0.007 -18"><span class='ocrx_word' id='word_1_10' title='bbox 320 994 442 1044; x_wconf 91' lang='lat' dir='ltr'>norum</span> <span class='ocrx_word' id='word_1_11' title='bbox 457 994 533 1047; x_wconf 88' lang='lat' dir='ltr'>esse</span> <span class='ocrx_word' id='word_1_12' title='bbox 547 974 629 1045; x_wconf 88' lang='lat' dir='ltr'>dicit</span> <span class='ocrx_word' id='word_1_13' title='bbox 646 974 763 1059; x_wconf 90' lang='lat' dir='ltr'>Plato,</span> <span class='ocrx_word' id='word_1_14' title='bbox 780 973 904 1044; x_wconf 82' lang='lat' dir='ltr'>effecit.</span> <span class='ocrx_word' id='word_1_15' title='bbox 921 975 1071 1062; x_wconf 83' lang='lat' dir='ltr'><strong>Deinde,</strong></span> <span class='ocrx_word' id='word_1_16' title='bbox 1087 977 1107 1047; x_wconf 77' lang='lat' dir='ltr'>a</span> <span class='ocrx_word' id='word_1_17' title='bbox 1123 984 1285 1051; x_wconf 83' lang='lat' dir='ltr'>maximae</span> 
     </span>
     <span class='ocr_line' id='line_1_4' title="bbox 319 1097 1347 1194; baseline 0.006 -26"><span class='ocrx_word' id='word_1_18' title='bbox 319 1099 401 1169; x_wconf 87' lang='lat' dir='ltr'>Deae</span> <span class='ocrx_word' id='word_1_19' title='bbox 420 1099 546 1170; x_wconf 86' lang='lat' dir='ltr'>virtute</span> <span class='ocrx_word' id='word_1_20' title='bbox 566 1110 600 1169; x_wconf 91' lang='lat' dir='ltr'>et</span> <span class='ocrx_word' id='word_1_21' title='bbox 621 1098 847 1183; x_wconf 78' lang='lat' dir='ltr'>facinoribuS,</span> <span class='ocrx_word' id='word_1_22' title='bbox 868 1097 913 1169; x_wconf 87' lang='lat' dir='ltr'>ad</span> <span class='ocrx_word' id='word_1_23' title='bbox 934 1099 1043 1193; x_wconf 90' lang='lat' dir='ltr'>ipsius</span> <span class='ocrx_word' id='word_1_24' title='bbox 1070 1101 1284 1194; x_wconf 78' lang='lat' dir='ltr'><strong>prudentiam</strong></span> <span class='ocrx_word' id='word_1_25' title='bbox 1343 1122 1347 1129; x_wconf 84' lang='lat'><strong>·</strong></span> 
     </span>
     <span class='ocr_line' id='line_1_5' title="bbox 319 1222 1283 1319; baseline 0.003 -26"><span class='ocrx_word' id='word_1_26' title='bbox 319 1232 353 1293; x_wconf 90' lang='lat' dir='ltr'>et</span> <span class='ocrx_word' id='word_1_27' title='bbox 380 1222 637 1319; x_wconf 74' lang='lat' dir='ltr'>intelligentiam</span> <span class='ocrx_word' id='word_1_28' title='bbox 667 1222 908 1316; x_wconf 81' lang='lat' dir='ltr'>progrediente</span> <span class='ocrx_word' id='word_1_29' title='bbox 920 1232 1024 1295; x_wconf 87' lang='lat' dir='ltr'>aetate</span> <span class='ocrx_word' id='word_1_30' title='bbox 1045 1245 1121 1295; x_wconf 91' lang='lat' dir='ltr'>sese</span> <span class='ocrx_word' id='word_1_31' title='bbox 1144 1226 1283 1307; x_wconf 82' lang='lat' dir='ltr'>evexit,</span> 
     </span>
     <span class='ocr_line' id='line_1_6' title="bbox 318 1346 1285 1443; baseline 0.002 -26"><span class='ocrx_word' id='word_1_32' title='bbox 318 1348 424 1443; x_wconf 90' lang='lat' dir='ltr'>inque</span> <span class='ocrx_word' id='word_1_33' title='bbox 432 1348 659 1418; x_wconf 89' lang='lat' dir='ltr'>Parthenonis</span> <span class='ocrx_word' id='word_1_34' title='bbox 673 1346 841 1417; x_wconf 71' lang='lat' dir='ltr'>Minervae</span> <span class='ocrx_word' id='word_1_35' title='bbox 855 1348 952 1416; x_wconf 91' lang='lat' dir='ltr'>vultu</span> <span class='ocrx_word' id='word_1_36' title='bbox 965 1347 1067 1436; x_wconf 89' lang='lat' dir='ltr'>hanc,</span> <span class='ocrx_word' id='word_1_37' title='bbox 1083 1369 1164 1439; x_wconf 90' lang='lat' dir='ltr'>quae</span> <span class='ocrx_word' id='word_1_38' title='bbox 1177 1351 1285 1421; x_wconf 89' lang='lat' dir='ltr'>scien·</span> 
     </span>
     <span class='ocr_line' id='line_1_7' title="bbox 317 1469 1284 1568; baseline 0.005 -27"><span class='ocrx_word' id='word_1_39' title='bbox 317 1472 373 1542; x_wconf 91' lang='lat' dir='ltr'>tiis</span> <span class='ocrx_word' id='word_1_40' title='bbox 387 1494 406 1541; x_wconf 90' lang='lat' dir='ltr'>a</span> <span class='ocrx_word' id='word_1_41' title='bbox 428 1471 570 1542; x_wconf 90' lang='lat' dir='ltr'>Platone</span> <span class='ocrx_word' id='word_1_42' title='bbox 585 1473 791 1562; x_wconf 79' lang='lat' dir='ltr'>assignatur,</span> <span class='ocrx_word' id='word_1_43' title='bbox 810 1469 1097 1564; x_wconf 90' lang='lat' dir='ltr'>pulchritudinem</span> <span class='ocrx_word' id='word_1_44' title='bbox 1113 1474 1284 1568; x_wconf 80' lang='lat' dir='ltr'>impressit</span> 
     </span>
     <span class='ocr_line' id='line_1_8' title="bbox 263 1573 1283 1694; baseline 0.003 -28"><span class='ocrx_word' id='word_1_45' title='bbox 263 1626 265 1631; x_wconf 52' lang='lat'><strong><em>¹</em></strong></span> <span class='ocrx_word' id='word_1_46' title='bbox 316 1617 394 1666; x_wconf 91' lang='lat' dir='ltr'>cum</span> <span class='ocrx_word' id='word_1_47' title='bbox 410 1595 604 1689; x_wconf 77' lang='lat' dir='ltr'>virginitate</span> <span class='ocrx_word' id='word_1_48' title='bbox 621 1607 655 1666; x_wconf 94' lang='lat' dir='ltr'>et</span> <span class='ocrx_word' id='word_1_49' title='bbox 678 1597 805 1666; x_wconf 88' lang='lat' dir='ltr'>virtute</span> <span class='ocrx_word' id='word_1_50' title='bbox 820 1573 1154 1694; x_wconf 52' lang='lat' dir='ltr'>conjunctamffluid</span> <span class='ocrx_word' id='word_1_51' title='bbox 1168 1612 1283 1671; x_wconf 90' lang='lat' dir='ltr'>autem</span> 
     </span>
     <span class='ocr_line' id='line_1_9' title="bbox 317 1686 1282 1814; baseline 0.004 -26"><span class='ocrx_word' id='word_1_52' title='bbox 317 1719 365 1789; x_wconf 88' lang='lat' dir='ltr'>nu</span> <span class='ocrx_word' id='word_1_53' title='bbox 382 1729 454 1790; x_wconf 86' lang='lat' dir='ltr'>tum</span> <span class='ocrx_word' id='word_1_54' title='bbox 468 1720 632 1807; x_wconf 83' lang='lat' dir='ltr'>restabat,</span> <span class='ocrx_word' id='word_1_55' title='bbox 655 1719 721 1790; x_wconf 79' lang='lat' dir='ltr'>nrsr</span> <span class='ocrx_word' id='word_1_56' title='bbox 740 1730 780 1788; x_wconf 76' lang='lat' dir='ltr'>ur</span> <span class='ocrx_word' id='word_1_57' title='bbox 796 1719 919 1811; x_wconf 82' lang='lat' dir='ltr'>inipso</span> <span class='ocrx_word' id='word_1_58' title='bbox 935 1686 1282 1814; x_wconf 71' lang='lat' dir='ltr'>Olympltiminejam</span> 
     </span>
     <span class='ocr_line' id='line_1_10' title="bbox 316 1827 1380 1937; baseline 0.001 -22"><span class='ocrx_word' id='word_1_59' title='bbox 316 1845 441 1917; x_wconf 90' lang='lat' dir='ltr'>sedens</span> <span class='ocrx_word' id='word_1_60' title='bbox 455 1856 489 1914; x_wconf 93' lang='lat' dir='ltr'>et</span> <span class='ocrx_word' id='word_1_61' title='bbox 513 1845 675 1937; x_wconf 91' lang='lat' dir='ltr'>propiore</span> <span class='ocrx_word' id='word_1_62' title='bbox 702 1843 762 1915; x_wconf 88' lang='lat' dir='ltr'>Dei</span> <span class='ocrx_word' id='word_1_63' title='bbox 789 1842 926 1915; x_wconf 85' lang='lat' dir='ltr'>alllatns</span> <span class='ocrx_word' id='word_1_64' title='bbox 946 1845 1106 1932; x_wconf 90' lang='lat' dir='ltr'>numine,</span> <span class='ocrx_word' id='word_1_65' title='bbox 1133 1849 1280 1918; x_wconf 83' lang='lat' dir='ltr'>Deorum</span> <span class='ocrx_word' id='word_1_66' title='bbox 1375 1827 1380 1835; x_wconf 43' lang='lat'>⁸</span> 
     </span>
     <span class='ocr_line' id='line_1_11' title="bbox 317 1966 1282 2060; baseline 0.003 -25"><span class='ocrx_word' id='word_1_67' title='bbox 317 1989 431 2059; x_wconf 83' lang='lat' dir='ltr'>regem</span> <span class='ocrx_word' id='word_1_68' title='bbox 455 1968 582 2060; x_wconf 91' lang='lat' dir='ltr'>ipsum,</span> <span class='ocrx_word' id='word_1_69' title='bbox 607 1967 726 2059; x_wconf 91' lang='lat' dir='ltr'>sicque</span> <span class='ocrx_word' id='word_1_70' title='bbox 745 1969 819 2035; x_wconf 84' lang='grc' dir='ltr'>αὐτὸ</span> <span class='ocrx_word' id='word_1_71' title='bbox 841 1966 906 2036; x_wconf 79' lang='grc' dir='ltr'>καθ’</span> <span class='ocrx_word' id='word_1_72' title='bbox 926 1968 1001 2036; x_wconf 82' lang='grc' dir='ltr'>αὐτὸ</span> <span class='ocrx_word' id='word_1_73' title='bbox 1022 1970 1116 2035; x_wconf 85' lang='grc' dir='ltr'>καλόν</span> <span class='ocrx_word' id='word_1_74' title='bbox 1130 1979 1282 2039; x_wconf 91' lang='lat' dir='ltr'>contem-</span> 
     </span>
     <span class='ocr_line' id='line_1_12' title="bbox 316 2090 1282 2185; baseline 0.001 -26"><span class='ocrx_word' id='word_1_75' title='bbox 316 2091 536 2185; x_wconf 88' lang='lat' dir='ltr'>plaretur,et</span> <span class='ocrx_word' id='word_1_76' title='bbox 558 2091 679 2161; x_wconf 79' lang='lat' dir='ltr'>acoelo</span> <span class='ocrx_word' id='word_1_77' title='bbox 707 2092 742 2159; x_wconf 91' lang='lat' dir='ltr'>in</span> <span class='ocrx_word' id='word_1_78' title='bbox 769 2101 891 2162; x_wconf 89' lang='lat' dir='ltr'>terram</span> <span class='ocrx_word' id='word_1_79' title='bbox 918 2090 1000 2161; x_wconf 88' lang='lat' dir='ltr'>artis</span> <span class='ocrx_word' id='word_1_80' title='bbox 1016 2112 1088 2161; x_wconf 80' lang='lat' dir='ltr'>snae</span> <span class='ocrx_word' id='word_1_81' title='bbox 1118 2092 1282 2163; x_wconf 89' lang='lat' dir='ltr'>miraculo</span> 
     </span>
     <span class='ocr_line' id='line_1_13' title="bbox 317 2214 604 2286; baseline -0.003 -2"><span class='ocrx_word' id='word_1_82' title='bbox 317 2214 526 2286; x_wconf 85' lang='lat' dir='ltr'>deduceret?</span> <span class='ocrx_word' id='word_1_83' title='bbox 601 2228 604 2236; x_wconf 90' lang='grc'>’</span> 
     </span>
    </p>
   </div>
   <div class='ocr_carea' id='block_1_3' title="bbox 314 2337 1281 2530">
    <p class='ocr_par' dir='ltr' id='par_1_3' title="bbox 314 2337 1281 2530">
     <span class='ocr_line' id='line_1_14' title="bbox 337 2337 1281 2431; baseline 0.001 -23"><span class='ocrx_word' id='word_1_84' title='bbox 337 2348 340 2358; x_wconf 91' lang='grc'><strong>’</strong></span> <span class='ocrx_word' id='word_1_85' title='bbox 365 2337 432 2409; x_wconf 89' lang='lat' dir='ltr'>Sed</span> <span class='ocrx_word' id='word_1_86' title='bbox 453 2337 527 2409; x_wconf 87' lang='lat' dir='ltr'>haec</span> <span class='ocrx_word' id='word_1_87' title='bbox 546 2339 685 2431; x_wconf 85' lang='lat' dir='ltr'>quidem</span> <span class='ocrx_word' id='word_1_88' title='bbox 706 2339 884 2410; x_wconf 82' lang='lat' dir='ltr'>hactenns.</span> <span class='ocrx_word' id='word_1_89' title='bbox 903 2339 1129 2409; x_wconf 89' lang='lat' dir='ltr'>Nunoantem</span> <span class='ocrx_word' id='word_1_90' title='bbox 1143 2339 1281 2410; x_wconf 91' lang='lat' dir='ltr'>conclu·</span> 
     </span>
     <span class='ocr_line' id='line_1_15' title="bbox 314 2457 1281 2530; baseline 0.002 -2"><span class='ocrx_word' id='word_1_91' title='bbox 314 2459 396 2530; x_wconf 91' lang='lat' dir='ltr'>dere</span> <span class='ocrx_word' id='word_1_92' title='bbox 419 2479 482 2529; x_wconf 92' lang='lat' dir='ltr'>nos</span> <span class='ocrx_word' id='word_1_93' title='bbox 505 2459 605 2530; x_wconf 88' lang='lat' dir='ltr'>liceat</span> <span class='ocrx_word' id='word_1_94' title='bbox 635 2457 810 2530; x_wconf 78' lang='lat' dir='ltr'>ePhidiae</span> <span class='ocrx_word' id='word_1_95' title='bbox 842 2459 1033 2530; x_wconf 84' lang='lat' dir='ltr'>simulacris</span> <span class='ocrx_word' id='word_1_96' title='bbox 1064 2459 1281 2530; x_wconf 85' lang='lat' dir='ltr'>verissimam</span> 
     </span>
    </p>
   </div>
   <div class='ocr_carea' id='block_1_4' title="bbox 272 2581 1279 3169">
    <p class='ocr_par' dir='ltr' id='par_1_4' title="bbox 272 2581 1279 3169">
     <span class='ocr_line' id='line_1_16' title="bbox 316 2581 1279 2675; baseline 0.002 -23"><span class='ocrx_word' id='word_1_97' title='bbox 316 2603 449 2654; x_wconf 92' lang='lat' dir='ltr'>necnon</span> <span class='ocrx_word' id='word_1_98' title='bbox 477 2581 694 2672; x_wconf 80' lang='lat' dir='ltr'>magnificam</span> <span class='ocrx_word' id='word_1_99' title='bbox 721 2582 925 2670; x_wconf 88' lang='lat' dir='ltr'>admodum,</span> <span class='ocrx_word' id='word_1_100' title='bbox 946 2604 1049 2675; x_wconf 86' lang='lat' dir='ltr'>quam</span> <span class='ocrx_word' id='word_1_101' title='bbox 1071 2583 1114 2653; x_wconf 91' lang='lat' dir='ltr'>de</span> <span class='ocrx_word' id='word_1_102' title='bbox 1141 2604 1279 2656; x_wconf 90' lang='lat' dir='ltr'>summa</span> 
     </span>
     <span class='ocr_line' id='line_1_17' title="bbox 312 2704 1278 2799; baseline 0.003 -24"><span class='ocrx_word' id='word_1_103' title='bbox 312 2705 538 2797; x_wconf 88' lang='lat' dir='ltr'>absolutaque</span> <span class='ocrx_word' id='word_1_104' title='bbox 564 2704 817 2798; x_wconf 90' lang='lat' dir='ltr'>pulchritudine</span> <span class='ocrx_word' id='word_1_105' title='bbox 839 2706 873 2774; x_wconf 89' lang='lat' dir='ltr'>in</span> <span class='ocrx_word' id='word_1_106' title='bbox 893 2706 1060 2776; x_wconf 88' lang='lat' dir='ltr'>Convivin</span> <span class='ocrx_word' id='word_1_107' title='bbox 1078 2705 1237 2799; x_wconf 81' lang='lat' dir='ltr'>scripsit,</span> <span class='ocrx_word' id='word_1_108' title='bbox 1259 2708 1278 2778; x_wconf 78' lang='lat' dir='ltr'>d</span> 
     </span>
     <span class='ocr_line' id='line_1_18' title="bbox 311 2827 1279 2915; baseline -0.002 -16"><span class='ocrx_word' id='word_1_109' title='bbox 311 2829 451 2900; x_wconf 86' lang='lat' dir='ltr'>Platone</span> <span class='ocrx_word' id='word_1_110' title='bbox 464 2829 622 2899; x_wconf 87' lang='lat' dir='ltr'>haustam</span> <span class='ocrx_word' id='word_1_111' title='bbox 648 2827 754 2898; x_wconf 86' lang='lat' dir='ltr'>fnisse</span> <span class='ocrx_word' id='word_1_112' title='bbox 772 2827 977 2915; x_wconf 88' lang='lat' dir='ltr'>doctrinam,</span> <span class='ocrx_word' id='word_1_113' title='bbox 1001 2827 1061 2898; x_wconf 90' lang='lat' dir='ltr'>illo</span> <span class='ocrx_word' id='word_1_114' title='bbox 1077 2840 1192 2899; x_wconf 90' lang='lat' dir='ltr'>tamen</span> <span class='ocrx_word' id='word_1_115' title='bbox 1219 2848 1279 2898; x_wconf 92' lang='lat' dir='ltr'>eo-</span> 
     </span>
     <span class='ocr_line' id='line_1_19' title="bbox 309 2951 1276 3047; baseline -0.002 -23"><span class='ocrx_word' id='word_1_116' title='bbox 309 2953 458 3047; x_wconf 90' lang='lat' dir='ltr'>demque</span> <span class='ocrx_word' id='word_1_117' title='bbox 473 2951 661 3046; x_wconf 85' lang='lat' dir='ltr'>modoque</span> <span class='ocrx_word' id='word_1_118' title='bbox 678 2952 817 3023; x_wconf 88' lang='lat' dir='ltr'>Phidias</span> <span class='ocrx_word' id='word_1_119' title='bbox 836 2951 911 3045; x_wconf 92' lang='lat' dir='ltr'>ipse</span> <span class='ocrx_word' id='word_1_120' title='bbox 935 2951 979 3021; x_wconf 88' lang='lat' dir='ltr'>ab</span> <span class='ocrx_word' id='word_1_121' title='bbox 993 2952 1142 3022; x_wconf 90' lang='lat' dir='ltr'>Homero</span> <span class='ocrx_word' id='word_1_122' title='bbox 1156 2952 1276 3022; x_wconf 90' lang='lat' dir='ltr'>Jovem</span> 
     </span>
     <span class='ocr_line' id='line_1_20' title="bbox 272 3077 629 3169; baseline -0.006 -22"><span class='ocrx_word' id='word_1_123' title='bbox 272 3114 275 3123; x_wconf 92' lang='lat'>·</span> <span class='ocrx_word' id='word_1_124' title='bbox 311 3097 411 3149; x_wconf 92' lang='lat' dir='ltr'>suum</span> <span class='ocrx_word' id='word_1_125' title='bbox 430 3077 629 3169; x_wconf 87' lang='lat' dir='ltr'>accepisset.</span> 
     </span>
    </p>
   </div>
   <div class='ocr_carea' id='block_1_5' title="bbox 730 3294 860 3315">
    <p class='ocr_par' dir='ltr' id='par_1_5' title="bbox 730 3294 860 3315">
     <span class='ocr_line' id='line_1_21' title="bbox 730 3294 860 3315; baseline -0.008 -2"><span class='ocrx_word' id='word_1_126' title='bbox 730 3294 860 3315; x_wconf 50' lang='grc' dir='ltr'>-ψ</span> 
     </span>
    </p>
   </div>
   <div class='ocr_carea' id='block_1_6' title="bbox 308 3456 1275 3741">
    <p class='ocr_par' dir='ltr' id='par_1_6' title="bbox 308 3456 1275 3741">
     <span class='ocr_line' id='line_1_22' title="bbox 308 3456 564 3537; baseline -0.008 -21"><span class='ocrx_word' id='word_1_127' title='bbox 308 3457 376 3516; x_wconf 84' lang='lat' dir='ltr'>vidi</span> <span class='ocrx_word' id='word_1_128' title='bbox 390 3479 423 3517; x_wconf 83' lang='lat' dir='ltr'>uc</span> <span class='ocrx_word' id='word_1_129' title='bbox 440 3456 564 3537; x_wconf 82' lang='lat' dir='ltr'>perlegi,</span> 
     </span>
     <span class='ocr_line' id='line_1_23' title="bbox 349 3562 1275 3636; baseline 0 -13"><span class='ocrx_word' id='word_1_130' title='bbox 349 3565 471 3623; x_wconf 85' lang='lat' dir='ltr'>Lutetiae</span> <span class='ocrx_word' id='word_1_131' title='bbox 479 3562 671 3636; x_wconf 84' lang='lat' dir='ltr'>Parisiorum,</span> <span class='ocrx_word' id='word_1_132' title='bbox 689 3585 715 3623; x_wconf 90' lang='lat' dir='ltr'>a.</span> <span class='ocrx_word' id='word_1_133' title='bbox 729 3563 791 3621; x_wconf 93' lang='lat' dir='ltr'>d.V</span> <span class='ocrx_word' id='word_1_134' title='bbox 804 3563 842 3621; x_wconf 87' lang='lat' dir='ltr'>id.</span> <span class='ocrx_word' id='word_1_135' title='bbox 855 3562 966 3621; x_wconf 89' lang='lat' dir='ltr'>octobr.</span> <span class='ocrx_word' id='word_1_136' title='bbox 980 3583 1046 3623; x_wconf 89' lang='lat' dir='ltr'>ann.</span> <span class='ocrx_word' id='word_1_137' title='bbox 1058 3565 1088 3624; x_wconf 86' lang='lat' dir='ltr'>lt</span> <span class='ocrx_word' id='word_1_138' title='bbox 1100 3563 1198 3623; x_wconf 84' lang='lat' dir='ltr'>DCCC</span> <span class='ocrx_word' id='word_1_139' title='bbox 1212 3563 1275 3623; x_wconf 86' lang='lat' dir='ltr'>th.</span> 
     </span>
     <span class='ocr_line' id='line_1_24' title="bbox 349 3668 1234 3741; baseline -0.005 -12"><span class='ocrx_word' id='word_1_140' title='bbox 349 3672 369 3730; x_wconf 84' lang='lat' dir='ltr'>F</span> <span class='ocrx_word' id='word_1_141' title='bbox 371 3670 501 3728; x_wconf 86' lang='lat' dir='ltr'>acuitatis</span> <span class='ocrx_word' id='word_1_142' title='bbox 514 3670 689 3730; x_wconf 81' lang='lat' dir='ltr'>Litterarum</span> <span class='ocrx_word' id='word_1_143' title='bbox 707 3668 737 3726; x_wconf 91' lang='lat' dir='ltr'>in</span> <span class='ocrx_word' id='word_1_144' title='bbox 751 3668 906 3728; x_wconf 81' lang='lat' dir='ltr'>Academia</span> <span class='ocrx_word' id='word_1_145' title='bbox 917 3668 1074 3729; x_wconf 82' lang='lat' dir='ltr'>Parisiensi</span> <span class='ocrx_word' id='word_1_146' title='bbox 1088 3668 1216 3727; x_wconf 88' lang='lat' dir='ltr'>decanus</span> <span class='ocrx_word' id='word_1_147' title='bbox 1224 3712 1234 3741; x_wconf 92' lang='lat'>,</span> 
     </span>
    </p>
   </div>
   <div class='ocr_carea' id='block_1_7' title="bbox 426 3798 1272 3985">
    <p class='ocr_par' dir='ltr' id='par_1_7' title="bbox 426 3798 1272 3985">
     <span class='ocr_line' id='line_1_25' title="bbox 930 3798 1272 3863; baseline -0.02 0"><span class='ocrx_word' id='word_1_148' title='bbox 930 3801 958 3863; x_wconf 80' lang='lat' dir='ltr'>J.</span> <span class='ocrx_word' id='word_1_149' title='bbox 971 3800 1054 3861; x_wconf 86' lang='lat' dir='ltr'>Vror.</span> <span class='ocrx_word' id='word_1_150' title='bbox 1073 3800 1121 3860; x_wconf 84' lang='lat' dir='ltr'>LE</span> <span class='ocrx_word' id='word_1_151' title='bbox 1140 3798 1272 3860; x_wconf 82' lang='lat' dir='ltr'>ctEttc.</span> 
     </span>
     <span class='ocr_line' id='line_1_26' title="bbox 426 3907 714 3985; baseline -0.01 -18"><span class='ocrx_word' id='word_1_152' title='bbox 426 3909 516 3985; x_wconf 81' lang='lat' dir='ltr'>Typis</span> <span class='ocrx_word' id='word_1_153' title='bbox 542 3907 714 3985; x_wconf 77' lang='lat' dir='ltr'>mandetur,</span> 
     </span>
    </p>
   </div>
   <div class='ocr_carea' id='block_1_8' title="bbox 505 4037 614 4133">
    <p class='ocr_par' dir='ltr' id='par_1_8' title="bbox 505 4037 614 4133">
     <span class='ocr_line' id='line_1_27' title="bbox 505 4037 614 4133; baseline 0.009 -36"><span class='ocrx_word' id='word_1_154' title='bbox 505 4037 614 4133; x_wconf 59' lang='lat' dir='ltr'>cult</span> 
     </span>
    </p>
   </div>
   <div class='ocr_carea' id='block_1_9' title="bbox 368 4164 753 4215">
    <p class='ocr_par' dir='ltr' id='par_1_9' title="bbox 368 4164 753 4215">
     <span class='ocr_line' id='line_1_28' title="bbox 368 4164 753 4215; baseline -0.003 -1"><span class='ocrx_word' id='word_1_155' title='bbox 368 4165 486 4215; x_wconf 67' lang='lat' dir='ltr'>Foriensis</span> <span class='ocrx_word' id='word_1_156' title='bbox 502 4164 637 4213; x_wconf 76' lang='lat' dir='ltr'>Academia</span> <span class='ocrx_word' id='word_1_157' title='bbox 656 4168 753 4213; x_wconf 87' lang='lat' dir='ltr'>ttcctor.</span> 
     </span>
    </p>
   </div>
   <div class='ocr_carea' id='block_1_10' title="bbox 0 0 1542 5212">
    <p class='ocr_par' dir='ltr' id='par_1_10' title="bbox 0 0 1542 5212">
     <span class='ocr_line' id='line_1_29' title="bbox 0 0 1542 5212; baseline 0 5"><span class='ocrx_word' id='word_1_158' title='bbox 0 0 1542 5212; x_wconf 95' lang='lat' dir='ltr'> </span> 
     </span>
    </p>
   </div>
  </div>
 </body>
</html>
