3098 5206
741 738 898 789 „28-

351 863 411 952 vit,
430 873 463 934 et
484 864 554 933 vim
569 862 707 953 agendi,
730 863 860 934 bonum
874 863 1000 934 scilicet
1019 864 1163 935 faciendi
1183 876 1217 936 et
1229 888 1302 936 ma-

348 988 418 1058 lum
432 986 606 1075 vincendi,
622 989 708 1076 haec,
724 987 851 1080 quibus
864 988 1016 1080 prolecto
1031 989 1197 1079 perlectus
1211 991 1301 1059 Deus

348 1121 411 1200 est,
432 1112 597 1183 Minervae
617 1133 691 1182 suae
707 1110 849 1183 dederat
867 1111 1015 1184 Phidias.
1035 1113 1077 1182 Et
1094 1135 1199 1204 quum
1217 1113 1300 1182 nihil

349 1235 392 1305 sit
407 1235 562 1306 divinum
585 1234 717 1322 minus,
741 1257 846 1328 quum
864 1234 947 1305 nihil
966 1234 1080 1305 minhs
1099 1235 1298 1328 perfectum,

347 1380 453 1451 quum
475 1358 559 1429 nihil
575 1358 687 1429 minhs
703 1380 822 1453 puram
841 1359 959 1429 aeterni
982 1358 1132 1428 numinis
1146 1367 1301 1428 naturam

345 1480 477 1570 deceat,
496 1482 614 1575 quam,
634 1492 672 1552 ut
690 1484 737 1552 ait
753 1483 891 1570 Tullius,
914 1511 931 1545 α
945 1483 1064 1551 ellusae
1078 1481 1111 1551 in
1130 1482 1223 1552 omni
1244 1484 1301 1553 in-

350 1635 366 1670 «
389 1609 612 1701 temperantia
638 1607 816 1692 libidines,
834 1607 1019 1692 adulteria,
1041 1608 1201 1694 vincula,
1222 1629 1300 1678 cum

349 1732 539 1802 «humano
569 1752 695 1822 genere
727 1731 953 1821 concubitus,
994 1734 1222 1825 mortalesque
1254 1755 1300 1804 ex

348 1886 365 1921 α
389 1855 637 1929 immortalibus
661 1867 855 1950 procreatos
879 1853 952 1950 (l),
982 1886 998 1919 n
1021 1834 1131 1951 ¹quum
1150 1856 1234 1927 nibil
1258 1858 1302 1926 sit

346 1977 529 2049 absurdius
543 1979 834 2071 quambominum
847 1979 1020 2050 amoribus
1038 1979 1157 2049 ardere
1175 1981 1297 2068 Deum,

346 2101 504 2194 quamvis
529 2103 564 2173 in
589 2103 761 2174 nonnullis
788 2103 843 2174 vel
860 2103 979 2175 Atticae
1002 2103 1127 2173 fabulis
1149 2102 1302 2174 Vulcano

346 2238 452 2319 nupta
470 2226 653 2299 haberetur
670 2227 836 2313 Minerva,
856 2227 911 2297 bis
934 2227 1125 2298 assentiens
1147 2227 1207 2318 qui
1225 2249 1301 2299 eam

345 2351 514 2442 virginem
533 2353 706 2442 volebant,
726 2354 877 2448 Παρθένον
894 2352 1007 2423 effecit
1025 2353 1130 2423 Deam
1149 2351 1300 2440 Phidias,

344 2474 436 2547 unde
449 2497 549 2546 suum
563 2477 687 2568 templo
701 2497 827 2546 nomen
842 2484 893 2545 est
908 2482 1152 2566 nuncupatum.

392 2598 435 2668 At
465 2598 567 2688 hujus
606 2597 755 2667 numinis
792 2607 924 2667 naturae
949 2618 1052 2688 quam
1090 2595 1303 2686 excogitavit

344 2721 481 2792 Phidias
495 2720 524 2791 si
544 2723 707 2793 attentius
719 2720 869 2809 studeas,
883 2721 948 2792 hoc
960 2721 1021 2792 tibi
1039 2721 1138 2792 laude
1151 2719 1302 2792 maxime

344 2843 486 2934 dignum
502 2844 673 2916 videbitur
691 2845 786 2938 quod
806 2845 1053 2939 Hecatompedi
1071 2847 1153 2916 Deae
1171 2865 1212 2915 ea
1226 2853 1301 2915 tau-

344 2977 416 3037 tum
434 2968 589 3040 tribuerit
605 2991 758 3040 summus
772 2969 897 3039 artilex
915 2979 1029 3040 noster
1047 2969 1067 3040 e
1087 2968 1214 3061 quibus
1232 2988 1302 3038 oae·

345 3101 415 3162 tera
430 3092 545 3163 omnia
564 3093 740 3182 oriuntur,
760 3094 911 3165 minores
933 3101 1048 3164 autern
1062 3102 1096 3164 et
1109 3092 1300 3180 inferiores,

346 3224 383 3284 ut
396 3214 444 3286 ita
457 3215 581 3305 dicam,
595 3217 740 3288 Athenae
752 3216 875 3288 indolis
888 3227 1003 3311 partes
1017 3216 1226 3287 nullomodo
1240 3237 1304 3286 ex-

344 3341 587 3432 pressoriolis
609 3350 647 3411 ut
665 3362 733 3411 non
747 3339 914 3435 privatam
938 3340 1218 3427 Atheniensium,
1240 3361 1303 3411 nec

344 3464 529 3558 propriam,
548 3487 613 3536 nec
625 3465 838 3557 indigenam,
855 3488 918 3537 nec
935 3466 1024 3536 hanc
1042 3475 1102 3536 aut
1115 3466 1220 3552 illam,
1239 3463 1303 3547 sed

343 3581 531 3660 Minervam
560 3591 737 3683 sculpserit
752 3613 832 3684 quae
854 3613 973 3663 omnes
992 3591 1144 3662 omnium
1166 3587 1303 3658 Graeco-

344 3733 419 3781 rum
447 3713 620 3784 Minervas
642 3717 938 3807 complecteretur.
962 3715 1039 3785 Nou
1059 3712 1149 3784 enim
1171 3711 1219 3780 illi
1240 3712 1304 3782 Er-

342 3854 442 3925 ganae
468 3855 580 3927 neque
607 3811 743 3927 gallum*
764 3836 989 3927 gallinaceum
1015 3833 1088 3928 (2),
1114 3855 1225 3926 neque
1252 3835 1306 3903 l-

384 4017 426 4095 (1)
446 4017 519 4092 cic,
529 4019 564 4078 de
579 4021 686 4079 Naturd
701 4021 804 4094 Deor.,
817 4020 840 4093 l,
856 4021 899 4077 16.

385 4121 425 4202 (a)
447 4126 479 4181 V.
490 4128 584 4201 supro.
601 4145 631 4201 p.
647 4147 691 4184 ιι.
