3098 5206
695 769 832 818 ..5-

228 968 231 975 ,
276 895 427 968 'rendam
446 892 686 983 convertebat,
710 894 815 988 idque
835 912 906 964 non
932 892 1147 964 sermonibus
1177 904 1249 964 tan·

158 1042 161 1047 ’
228 1063 234 1071 -
287 1031 373 1108 tum,
400 1018 588 1090 sedetiam
610 1019 776 1089 virtutum
804 1026 838 1088 et
857 1017 940 1088 vitm
957 1016 1248 1111 totiusexemplo.

286 1145 494 1238 Corporeum
508 1139 648 1227 autem,
667 1164 747 1234 quae
760 1142 824 1213 suh
837 1140 958 1212 oculos
980 1139 1250 1245 cadit,yaeternae
1310 1193 1313 1200 -

270 1265 554 1362 ,pulchritudinis
576 1265 763 1358 imaginem
784 1287 876 1358 quae,
898 1265 1183 1359 quotiescumque
1206 1266 1251 1337 ad

287 1383 398 1456 divini
424 1382 556 1454 decoris
576 1380 698 1453 ideam
728 1392 861 1453 nosmet
892 1381 1040 1454 evehere
1066 1383 1247 1476 cupimus,

288 1514 383 1576 tanto
403 1505 504 1575 nohis
523 1513 575 1576 est
592 1504 736 1594 anxilio,
748 1485 888 1576 'Platoni
903 1508 1055 1598 praehere
1074 1527 1141 1577 non
1155 1515 1251 1601 pote·

289 1640 343 1700 rat
367 1631 536 1700 Socrates.
562 1629 633 1699 Neo
661 1627 753 1722 apud
775 1629 1051 1722 Xenophontem,
1073 1631 1127 1702 cui
1147 1631 1252 1702 multo

291 1754 399 1846 magis
419 1754 520 1847 quam
548 1753 679 1826 Platoni
699 1753 744 1825 de
760 1754 913 1846 magistri
929 1755 1029 1826 dictis
1045 1756 1253 1827 credendum

290 1888 353 1965 est,
383 1877 473 1948 hanc
495 1876 664 1969 graduum
691 1876 814 1949 seriem
844 1876 929 1970 qud,
957 1887 1118 1970 tanquam
1146 1877 1250 1965 scald,

289 2002 419 2074 adhoc
442 2002 659 2073 ascendimus
676 2000 771 2094 quod
794 1999 857 2071 καθ’
877 2007 948 2071 ὅλου
964 2006 1057 2072 καλὸν
1077 2003 1111 2073 in
1127 1999 1253 2074 Convi-

280 2127 349 2212 ¹vio
363 2135 520 2212 vocatur,
534 2146 554 2195 a
569 2125 709 2196 Socrate
723 2136 845 2196 notam
867 2138 928 2198 aut
950 2127 1134 2197 indicatam
1152 2149 1255 2221 repe·

292 2252 412 2321 rimus.

341 2374 386 2445 At
406 2372 610 2469 providente
628 2365 779 2466 Deo'qui
803 2374 904 2445 certis
932 2384 1063 2447 mentes
1086 2377 1255 2446 humanas

292 2499 358 2569 viis
371 2498 467 2570 ducit
481 2499 635 2592 regitque
655 2498 803 2590 iegibus,
830 2498 954 2569 accidit
968 2499 1075 2590 qohm
1091 2509 1258 2571 natusest

292 2622 401 2709 Plato,
421 2636 478 2710 ut,
499 2644 545 2694 ex
562 2644 760 2694 eversarum
778 2623 916 2696 Persioo
929 2624 1020 2696 bello
1036 2625 1165 2697 edium
1181 2626 1257 2720 pul-

292 2770 375 2819 uere
392 2758 479 2832 orta,
499 2750 701 2841 templorum
723 2756 984 2842 statuarumque
999 2771 1091 2821 nova
1106 2751 1141 2822 in
1154 2751 1258 2829 Athe·

294 2872 464 2943 niensium
487 2895 567 2943 arce
588 2854 861 2967 sylva'eniteret.
891 2875 1013 2945 Omnia
1039 2885 1154 2946 autern
1178 2899 1257 2969 quae

294 3007 470 3068 exstructa
488 2998 635 3083 fuerant,
651 2995 785 3085 Phidia,
802 2998 861 3090 qui
877 3018 1040 3088 magnam
1055 3000 1256 3090 jamdudum

295 3123 329 3191 in
348 3132 421 3193 arte
440 3142 503 3192 sua
519 3122 644 3191 famam
661 3130 866 3194 consecutus
889 3134 973 3208 erat,
998 3135 1032 3194 et
1056 3123 1160 3216 quem
1188 3126 1259 3219 ipse

294 3245 469 3338 ditigebat,
483 3255 622 3317 auctore
638 3255 673 3317 et
695 3245 911 3317 moderatore
932 3244 1005 3318 fieri
1022 3248 1167 3320 Pericles
1185 3250 1259 3340 jus-

229 3360 235 3386 *
295 3379 397 3453 serat,
407 3369 524 3463 illique
536 3369 714 3459 Mineruae,
731 3390 834 3463 quam
847 3372 1021 3464 praeoipuo
1034 3372 1260 3443 Athenienses

298 3492 504 3566 verebantur
512 3494 619 3578 cultu,
629 3495 807 3565 immensae
818 3493 1063 3585 magnitudinis
1076 3493 1259 3586 imaginem

295 3616 530 3690 fabricandam
556 3627 591 3688 et
611 3617 647 3686 in
667 3617 920 3711 Hecatompedo
948 3617 1145 3711 ponendam
1168 3640 1260 3690 com·

297 3743 436 3814 miserat
456 3741 520 3837 (i).
539 3740 615 3826 Qua
629 3742 807 3826 obsutum,
826 3743 934 3836 quium
957 3755 1097 3838 propter
1116 3767 1260 3840 operum

297 3866 538 3937 excellentiam
560 3865 594 3936 in
610 3864 776 3936 invidiam
803 3866 932 3936 civium
954 3888 1094 3937 suorum
1122 3867 1262 3947 incidis·

339 4115 380 4193 (1)
401 4115 549 4179 Plutarch.
562 4118 591 4177 in
604 4119 670 4178 vira
684 4119 813 4193 Periclis,
830 4138 858 4196 p.
876 4120 938 4195 159.
