3098 5206
704 769 847 849 §tlt—

290 918 308 952 «
329 891 477 962 defuisse
492 890 627 984 pondus
644 886 709 983 (l).
726 919 741 954 a
760 890 859 976 Quod
874 892 902 962 si
910 892 987 982 jure
999 893 1129 966 dixerit
1142 896 1250 981 Quiu-

289 1008 436 1103 tilianus,
454 1013 524 1111 (cui
544 1035 646 1086 nemo
665 1025 717 1085 est
739 1013 831 1108 apud
853 1025 988 1089 veteres
1012 1019 1071 1110 qui
1097 1040 1168 1091 nou
1192 1041 1244 1092 as·

288 1136 460 1232 sentiat)a
476 1136 596 1208 Phidia
615 1155 685 1207 uon
703 1136 866 1209 laminam
884 1137 978 1212 bello
1000 1150 1036 1213 st
1056 1143 1250 1215 certamini-

290 1265 352 1334 bus
370 1263 472 1334 nimis
492 1261 711 1354 gaudentem,
729 1282 798 1334 non
811 1262 954 1335 silerem
970 1265 1172 1358 viraginem,
1188 1267 1248 1338 sed

289 1397 404 1460 ruente
427 1384 547 1458 divind
572 1385 744 1476 virginem
774 1387 966 1482 praeditam,
997 1400 1031 1463 et
1054 1391 1175 1477 Deum,
1211 1402 1251 1462 ut

289 1511 434 1598 solebat,
454 1510 574 1583 Dinuae
585 1532 784 1603 germanam
797 1524 858 1584 aut
869 1513 1049 1605 Minervae,
1070 1515 1249 1606 maiestate

286 1637 484 1730 coelestique
533 1635 700 1728 dignitate
750 1637 983 1711 venerabilem
1028 1642 1247 1735 exsculptam

153 1860 156 1864 Ι
288 1763 393 1834 luisse
408 1759 481 1856 (2);
501 1761 708 1856 Polycletum
721 1769 850 1849 autem,
866 1761 957 1833 sicut
972 1763 1048 1855 ejus
1058 1786 1134 1837 mos
1158 1776 1247 1850 erat,

290 1886 436 1979 puellam
463 1906 568 1980 supra
591 1905 711 1958 verum
726 1884 868 1978 quidem
880 1884 1003 1959 decore
1018 1896 1054 1960 et
1070 1898 1251 1961 venustate

290 2009 478 2100 pulchram,
500 2010 562 2081 sed
577 2009 713 2081 mortali
731 2009 869 2081 femiuae
896 2009 1043 2084 similem
1058 2011 1167 2083 multd
1183 2034 1252 2083 ma-

288 2135 342 2225 gis
367 2134 499 2207 fecisse.
522 2135 673 2227 Uterque
686 2133 792 2226 igitur
804 2133 873 2207 hoc
890 2134 925 2206 iu
944 2136 1132 2207 certamine
1151 2157 1249 2208 suam

288 2259 442 2331 servavit
465 2255 618 2345 laudem,
636 2268 671 2330 et
691 2257 786 2350 quhd
804 2257 1009 2352 &Polyclsto
1023 2271 1252 2354 exsuperatus

289 2383 390 2455 luerit
410 2381 547 2454 Phidias
578 2381 620 2453 ed
646 2382 756 2472 maior
771 2381 1028 2476 insigniorque,
1045 2393 1163 2477 utpote
1188 2384 1249 2478 qui
1325 2377 1328 2383 ’

288 2507 372 2579 nihil
393 2507 459 2579 nisi
487 2506 606 2578 divino
633 2505 776 2580 numius
799 2505 943 2596 dignum
968 2526 1034 2577 neo
1052 2508 1251 2598 excogitare

288 2653 352 2702 nec
379 2630 534 2722 sculpere
561 2627 733 2721 potuerit,
749 2626 833 2697 mihi
850 2648 926 2699 esse
948 2625 1097 2700 videtur.
1123 2630 1173 2700 Ea
1192 2639 1250 2702 ta·

288 2772 366 2822 men
384 2750 448 2822 luit
460 2751 535 2841 ejus
549 2749 676 2841 ingenii
690 2750 756 2833 vis,
783 2760 822 2821 ut
843 2753 898 2824 vel
913 2751 1245 2844 inhumandlormd,

287 2871 448 2964 quamvis
462 2892 542 2944 eum
559 2871 652 2942 Deos
670 2868 835 2962 effingere
851 2872 959 2964 magis
973 2874 1123 2965 juvaret,
1143 2876 1251 2947 nemi·

289 3015 368 3067 nem
388 2995 453 3067 nisi
469 2993 681 3089 Polycletum
702 2996 867 3067 aemulum
883 2995 1053 3070 habuerit.

335 3120 503 3213 Denique,
524 3119 618 3214 quod
632 3119 718 3191 mihi
738 3119 897 3193 ultimum
910 3132 963 3195 est
991 3136 1245 3215 argumentum,

289 3244 468 3337 utriusque
504 3241 748 3337 Hecatompedi
781 3242 905 3336 lastigii
946 3265 1027 3337 quae
1068 3261 1251 3341 supersunt

288 3373 387 3462 signa
417 3366 651 3440 consideranti
688 3365 882 3439 absolutam
922 3368 1062 3440 eximias
1101 3371 1250 3464 pulchri·

325 3601 368 3679 (ι)
388 3602 507 3674 Quintil.
520 3602 589 3662 lust.
601 3602 664 3674 0r.,
678 3601 742 3673 llll,
758 3622 803 3661 ro.

328 3708 366 3785 ln)
390 3705 469 3767 Adsis
491 3709 618 3766 formosa
636 3707 690 3765 suit
710 3707 863 3766 Amazonis
887 3727 973 3785 quum
1000 3710 1107 3766 iecerat
1133 3708 1250 3770 Phidias

287 3813 394 3889 imago,
410 3827 442 3871 nt
458 3813 500 3870 illi
521 3825 587 3889 post
608 3813 757 3872 Lemniam
778 3813 939 3871 Minervam
959 3814 1117 3872 secundum
1138 3816 1250 3876 adscri-

288 3920 379 3998 pserit
395 3920 490 3978 locum
503 3919 649 3978 Lucienus
663 3941 670 3977 ε
682 3917 719 3978 Tt
732 3919 755 3975 δ’
763 3916 829 3977 ἄλλο
848 3916 1027 3997 (ἐπῄνεσαςη
1042 3917 1089 3991 τὴν
1105 3922 1228 4001 Λημνίαν
1240 3945 1248 3995 ;

288 4025 350 4098 καὶ,
365 4023 398 4097 νὴ
413 4024 473 4100 Δία,
486 4023 535 4097 τὴν
550 4024 690 4102 Ἀμαζόνα,
706 4023 753 4096 τὴν
768 4020 966 4104 ἐπερειδομένην
981 4027 1019 4107 τῷ
1031 4025 1158 4109 δορατίῳ;
1172 4027 1250 4088 Ima·

287 4135 380 4211 gines.
397 4134 431 4192 C.
446 4140 474 4199 ir.
488 4131 560 4192 vide
573 4133 690 4209 suprh§
706 4151 730 4188 r.
