3098 5206
682 814 840 866 -5Ὶ...

277 943 445 1013 inmente
458 949 492 1011 et
510 940 545 1010 in
563 939 678 1010 animo
702 943 835 1010 tantum
858 937 1010 1010 residere
1029 939 1151 1010 dccet.
1166 937 1245 1023 Qua·

278 1068 307 1138 si
329 1063 825 1165 eareatvellormosis'simnm
840 1065 999 1157 corpus,
1022 1062 1182 1134 deforme
1202 1084 1259 1134 ac·

277 1200 378 1285 turpe
395 1191 469 1260 hcc
483 1208 559 1260 esse
575 1191 854 1282 oporte't;··qnam
873 1197 992 1258 antem·
1013 1187 1059 1258 si
1070 1187 1245 1258 continent

278 1324 313 1386 et
333 1314 403 1386 oris
425 1312 642 1384 lineamentis
662 1311 842 1405 oculisque
863 1311 1036 1406 suprimat
1055 1311 1172 1381 vultus
1187 1309 1244 1382 vel

278 1437 430 1509 maxime
453 1437 640 1526 deformis..
654 1436 748 1508 hunc
765 1437 896 1527 coeles'ti
909 1435 1245 1528 quodantettutgere

280 1561 472 1655 splendore
485 1557 684 1654 videas'(l).
704 1560 812 1653 ldq'ne
830 1560 960 1631 Socrati
972 1558 1135 1637 accidisse
1153 1557 1246 1649 apn'd

279 1685 455 1756 Platonem
468 1688 585 1754 narrat
598 1683 820 1755 Alcibiades:
843 1683 1014 1777 quamvis
1025 1682 1118 1753 enim
1137 1679 1244 1752 Sileni

284 1805 432 1900 speciem
453 1806 564 1877 oculis
577 1808 719 1878 referret
734 1805 956 1901 So'phronisci
979 1804 1084 1893 filins,
1100 1813 1172 1874 tam
1193 1825 1249 1875 sa·

287 1930 687 2026 pienti-temperantique
705 1931 911 2003 eratenimo
924 1940 962 2001 ut
981 1929 1073 2000 illins
1087 1928 1249 2001 deformi-

287 2053 367 2124 tatis
380 2053 519 2142 oblitus,
534 2053 639 2142 hunc,
657 2055 840 2125 ncn'secus
854 2076 895 2124 ac
915 2052 1166 2153 pplcherrimns
1178 2073 1249 2122 om-

281 2177 377 2248 nium
395 2177 527 2264 luisset,
544 2176 690 2270 quisque
706 2175 888 2247 miraretur
902 2174 968 2272 (ᾖ).
987 2176 1025 2245 ln
1043 2177 1112 2247 hoc
1133 2185 1249 2247 autem

282 2301 459 2372 Platonem
488 2301 644 2372 assentiri
672 2301 894 2396 perspicuum
920 2310 973 2372 est
1008 2299 1153 2389 Phidiae,
1187 2299 1250 2393 qni

282 2425 406 2495 mentis
420 2433 454 2495 et
470 2425 575 2495 animi
594 2425 881 2519 pulchritudinem
897 2422 1089 2496 simulacris
1109 2444 1189 2516 qnae
1203 2423 1251 2494 la·

284 2548 401 2621 ciebat
408 2549 604 2643 imprimere
620 2550 824 2622 enitebatur.

321 2673 446 2746 'Animi
456 2675 674 2768 pulchritudo
687 2677 723 2747 in
736 2675 859 2762 tribus,
871 2674 990 2771 jndice
1000 2674 1153 2759 Platone,
1166 2692 1252 2744 veru

283 2798 433 2887 scilicet,
461 2799 557 2872 bono
578 2810 614 2871 et
635 2800 795 2872 mensura
818 2798 904 2871 sive'
918 2799 1023 2871 modo
1050 2797 1155 2891 qnem'
1173 2792 1252 2890 ξύμ-

285 2949 392 3017 μετρον
404 2933 522 3008 vocat,
538 2924 695 2995 consistit
706 2921 769 3019 (3).
789 2922 848 3011 At,
866 2931 904 2993 nt
917 2920 1033 2993 benus
1046 2929 1099 2992 est
1114 2929 1149 2991 et
1164 2918 1254 2990 invi·

283 3040 340 3111 dia
352 3041 611 3134 expertissimus
625 3042 782 3113 Platonis
790 3044 898 3129 Deus,
915 3041 1151 3135 quidcumque
1166 3039 1201 3108 in
1215 3059 1254 3110 se

284 3163 426 3257 perfecti
444 3173 496 3234 est
521 3165 625 3256 hujus
642 3165 816 3237 mnndum
833 3165 1045 3260 participem
1058 3162 1164 3235 efficit
1181 3160 1249 3257 (4).

284 3286 340 3358 Ex
369 3307 439 3379 quo
466 3288 621 3381 seqnitur
647 3298 685 3359 nt
702 3291 850 3377 bonnm,
867 3286 1034 3360 mensure*
1055 3288 1194 3380 plenum
1220 3291 1255 3354 et

248 3452 252 3457 ·
287 3411 520 3483 felicissimum
537 3413 662 3484 animal
678 3414 724 3486 sit
746 3415 897 3486 mundus
910 3412 975 3509 (5).
996 3413 1110 3497 Quum
1138 3418 1253 3480 antem

286 3537 387 3608 talem
406 3537 569 3609 informat
591 3537 756 3610 mundum
779 3561 935 3611 summus
948 3536 1158 3629 divinusque
1178 3532 1256 3604 arti·

328 3741 370 3817 (ι)
390 3740 578 3818 convivium,
592 3760 620 3819 p.
640 3761 707 3800 210.

327 3845 365 3922 (a)
387 3844 474 3918 thid„
488 3844 555 3904 215.

328 3947 370 4025 (3)
390 3948 540 4025 Philebus,
554 3971 587 4031 p.
603 3953 655 4022 64.

329 4051 371 4133 (4)
393 4054 530 4128 Timaeus,
552 4077 582 4134 p.
606 4077 654 4134 29,
668 4046 738 4116 30.Ι

330 4160 370 4239 (5)
394 4159 481 4235 thid„
493 4182 521 4240 p.
537 4163 586 4232 34.
608 4190 612 4209 ·
