3098 5206
765 817 925 870 ..32-

370 942 492 1013 lovem
514 939 646 1028 attinet,
674 940 766 1012 huno
789 941 1007 1033 Phegoneum
1037 942 1246 1035 appellantes
1265 964 1330 1015 co·

369 1066 497 1156 lebant,
515 1066 609 1158 quod
636 1066 656 1138 b
684 1078 769 1162 φαγῷ
800 1075 860 1137 aut
893 1075 977 1161 φηγῷ
1009 1065 1133 1137 arbore
1150 1076 1196 1147 ,et
1222 1069 1329 1139 verbo

370 1198 486 1285 φαγεῖν,
503 1210 632 1263 nomen
653 1189 747 1262 ducit
768 1191 955 1281 originem,
977 1189 1078 1282 eique
1095 1191 1130 1261 in
1149 1192 1329 1264 arboribus

372 1312 488 1385 sedem
511 1313 734 1406 assignabant
758 1336 903 1407 quorum
928 1336 1104 1386 susurrum
1125 1315 1186 1387 Dei
1209 1336 1330 1387 uocem

367 1457 447 1508 csse
459 1439 626 1531 putabant
638 1436 702 1534 (l).
722 1440 919 1511 Cretensem
933 1438 1083 1531 denique
1095 1440 1215 1511 Jovem
1229 1439 1330 1510 Croni

370 1561 447 1634 sive
465 1561 639 1656 temporis,
654 1572 688 1633 et
701 1562 820 1649 Rheae,
836 1583 916 1654 quae
940 1561 1051 1634 fluens
1069 1571 1128 1632 aut
1151 1562 1329 1634 humidum

370 1686 576 1757 elementum
599 1693 663 1772 est,
684 1682 792 1754 filium
810 1684 971 1755 tenebant
993 1695 1027 1755 et
1048 1686 1091 1756 ab
1114 1687 1187 1780 ipsa
1210 1694 1331 1756 natura

371 1810 436 1880 vix
446 1808 699 1880 discernebant.
716 1810 826 1893 Quam
841 1820 954 1902 poetae
971 1831 1109 1901 quoque
1124 1810 1229 1881 secuti
1252 1818 1331 1880 sunt

371 1934 558 2022 rationem,
578 1931 703 2026 quibus
725 1941 798 2003 tum
825 1941 896 2018 aer,
924 1941 996 2004 tum
1018 1935 1146 2006 eoelum
1171 1942 1231 2005 aut
1256 1934 1331 2005 dies

370 2078 447 2129 esse
461 2058 590 2151 Jupiter
604 2056 700 2127 visus
713 2067 766 2127 est
781 2053 844 2151 (ἓ).

421 2181 488 2254 Sed
512 2182 582 2273 Jam
611 2182 647 2252 iu
676 2181 919 2275 antiquissimis
946 2182 1155 2255 carminibus
1172 2183 1235 2270 iis,
1251 2203 1331 2277 quae

371 2307 543 2404 praecipue
560 2318 650 2399 sunt,
668 2308 773 2379 animi
788 2308 928 2380 dotibus
941 2307 1123 2402 praeditum
1139 2308 1259 2384 Jovem
1275 2329 1331 2378 re·
1394 2301 1397 2306 ’

370 2433 484 2527 perire
502 2442 566 2506 est.
587 2432 720 2504 Primus
738 2442 772 2504 et
789 2433 942 2520 ultimus,
962 2432 1082 2525 Caput,
1098 2431 1277 2524 Metisque,
1296 2431 1332 2502 id
1353 2422 1361 2435 χ

370 2565 424 2628 est
437 2556 626 2651 prudentia,
639 2566 783 2629 vocatur
793 2557 837 2626 ab
850 2547 927 2627 illis.
938 2557 1025 2626 llum
1039 2555 1111 2628 vim
1121 2555 1238 2626 omnia
1253 2575 1332 2647 quae

297 2719 298 2722 =
371 2680 481 2769 gignit
510 2688 545 2750 et
573 2680 731 2774 spiritum
761 2689 821 2750 aut
846 2680 972 2766 vitam,
1004 2698 1156 2750 amorem
1184 2660 1355 2771 denique*

370 2801 539 2874 illecebris
560 2802 698 2897 plenum
723 2802 851 2874 dicunt.
873 2804 1033 2874 Attamen
1050 2803 1135 2873 baec
1161 2813 1333 2896 praestan-

370 2923 499 2996 tissima
526 2925 620 2996 Iovis
647 2934 767 2997 natura
791 2925 846 2997 his
869 2926 904 2996 in
926 2905 1049 2996 fabulis
1073 2923 1187 2996 adhuc
1207 2944 1332 3017 corpus

370 3056 423 3117 est
442 3047 662 3136 immensum,
681 3050 715 3119 in
734 3072 805 3143 quo
825 3049 941 3121 omnia
959 3070 1037 3140 quae
1058 3058 1137 3120 sunl
1155 3059 1189 3118 et
1206 3047 1330 3119 vivunt

368 3172 588 3243 continentur
601 3171 666 3268 (3).
1131 3171 1135 3179 '

409 3478 722 3559 (1)meuz.‚ruu.-
747 3478 893 3547 ururarcn.
913 3479 944 3536 in
960 3476 1108 3538 connotant
1122 3477 1205 3546 vna,
1219 3473 1330 3552 steph,
1420 3432 1483 3565 “z’spjd

371 3605 400 3664 p.
413 3595 481 3655 214,
495 3587 538 3646 E:
562 3583 625 3646 Εἴτε
643 3584 705 3654 Διὸς
723 3583 833 3653 nebeim<
846 3583 914 3666 ἱερὸν
933 3584 998 3643 ὄντα
1016 3581 1060 3643 τὸν
1074 3586 1121 3654 τῆς
1135 3578 1211 3662 δρυὸς
1230 3577 1328 3662 στίφα-
1410 3653 1411 3656 ¹

371 3710 478 3749 νον....

412 3798 453 3875 (2)
475 3798 547 3872 cic,
560 3797 597 3856 de
606 3799 706 3858 Natur.
718 3799 817 3870 Deum,
829 3796 867 3870 ll,
879 3804 925 3864 αἱ..

411 3902 451 3982 (3)
473 3903 610 3982 Orphica.
622 3902 675 3963 Ed.
692 3905 855 3975 Hermann,
869 3921 897 3979 p.
912 3899 980 3971 457,
993 3919 1029 3957 cx
1040 3897 1147 3989 Proclo
1158 3897 1187 3955 in
1203 3897 1331 3958 Platonis

372 4007 513 4067 'fimaeum
526 4031 533 4065 :

450 4164 514 4232 Ζεὺς
528 4168 631 4247 πρῶτος
645 4165 742 4245 γένιτο,
756 4164 820 4233 Ζεὺς
834 4163 943 4232 ὕστατος
957 4162 1160 4247 ἀρχικέραυνος,
