3098 5206
685 736 843 787 ..ῃ-

295 890 311 925 a
334 862 379 933 ad
393 860 497 955 pedes
506 870 640 931 scutum
655 862 745 934 etad
759 863 863 933 imam
881 863 1013 934 hastam
1034 861 1163 954 draco(
1189 862 1213 958 l.
1228 895 1245 928 υ

292 987 351 1059 His
362 987 522 1059 omnihus
536 986 689 1078 parergis
698 987 783 1080 quid
799 985 893 1058 aliud
907 987 1011 1078 quam
1025 989 1107 1059 Deae
1120 998 1249 1060 nostrae

290 1109 371 1180 belli
396 1129 511 1190 amor,
540 1106 644 1199 quam
667 1107 841 1201 pugnandi
865 1115 900 1178 et
917 1108 1084 1202 quidquid
1102 1110 1249 1180 homini·

290 1233 356 1304 hus
367 1231 496 1301 malum
509 1228 634 1299 inferre
646 1239 762 1322 posset
775 1228 936 1301 vincendi
950 1231 1003 1301 vis
1017 1229 1250 1322 significatur?

339 1354 407 1427 Sed
436 1363 563 1424 castam
592 1363 626 1424 et
651 1353 887 1425 intemeratam
911 1375 1049 1447 quoque
1077 1354 1247 1446 virginem
1352 1377 1354 1381 ’

290 1478 357 1548 hoc
381 1479 414 1545 in
436 1475 659 1546 celeberrimo
674 1476 773 1566 signo
791 1476 901 1547 videri
920 1476 1073 1549 voluerat
1092 1477 1245 1551 Phidias.

289 1601 372 1690 Ejus
389 1599 593 1691 virginitatis
611 1599 759 1671 indicem
777 1600 860 1671 dicit
872 1601 1074 1672 Plutarchus
1091 1599 1145 1696 (2)
1165 1603 1247 1675 dra-

289 1745 410 1796 conem
437 1724 616 1817 assequi,
645 1733 730 1795 teste
758 1723 944 1812 Pausania,
974 1725 1020 1796 ad
1042 1725 1144 1797 imam
1176 1737 1249 1798 erat

288 1849 437 1920 Palladis
456 1849 601 1919 hastam.
631 1850 819 1920 Draconem
846 1859 959 1920 antem
985 1851 1088 1921 istum
1111 1851 1249 1942 conjicit

287 1970 473 2042 Pausanias
488 1969 745 2040 Erichthonium
766 1969 980 2042 simulavisse
995 1970 1061 2068 (3),
1083 1973 1141 2066 qui
1162 1975 1245 2045 Deae
1302 2061 1304 2064 ι

172 2092 176 2100 ’
287 2093 464 2186 pudicitiae
481 2090 715 2162 testimonium
733 2091 886 2186 prolecto
904 2113 979 2164 esse
999 2103 1150 2185 poterat;
1166 2116 1246 2167 nam
1303 2157 1305 2162 .

288 2216 421 2288 eterra
438 2224 556 2285 natum
584 2214 764 2286 tradebant
779 2215 905 2286 fabulae
932 2217 1044 2288 atticae
1068 2192 1248 2292 Erichtho-

289 2343 384 2412 nium
410 2361 517 2432 quum
551 2339 675 2410 ardens
711 2360 831 2411 amore
856 2341 1027 2413 Vulcanus
1058 2340 1246 2415 Minervam

288 2466 428 2535 vincere
450 2463 660 2554 nequivisset
685 2463 749 2558 (l).
776 2464 924 2535 Tertium
945 2473 1059 2537 autem
1081 2464 1122 2537 ea
1140 2465 1185 2539 de
1210 2488 1248 2537 re

287 2589 424 2679 signum
438 2598 472 2658 et
483 2586 649 2658 indicium
668 2587 836 2660 habemns
853 2598 1025 2660 certamen
1044 2591 1080 2660 iu
1099 2590 1245 2661 intume-

288 2718 404 2780 scente
418 2708 528 2802 clypei
544 2707 677 2779 amhitu
686 2710 843 2780 caelatum
858 2710 1069 2782 Amazonum
1084 2710 1138 2807 (5)
1152 2734 1243 2804 quae,

288 2833 374 2904 sIcut
391 2834 467 2927 ipsa
485 2832 661 2922 Minerva,
688 2834 765 2905 belli
790 2835 943 2907 amantes
967 2847 1001 2907 et
1022 2837 1176 2925 virgines
1196 2837 1247 2908 si-

288 2959 359 3027 mul
378 2967 488 3029 erant.

336 3083 443 3174 Igitur
455 3087 517 3157 Dei
531 3083 602 3156 vim
616 3082 828 3173 intelligendi
842 3081 911 3175 qua
925 3084 1041 3156 omnia
1055 3083 1119 3155 scit
1132 3094 1167 3155 et
1183 3107 1247 3156 no-

329 3338 369 3415 (ι)
391 3341 488 3411 Paus„
502 3339 526 3409 l,
541 3346 588 3406 aa,
604 3358 632 3407 7.

325 3443 365 3523 (a)
388 3444 431 3501 De
442 3441 517 3502 lside
530 3455 559 3499 et
570 3439 696 3513 Osmida,
705 3440 855 3518 Stephan,
867 3460 896 3516 p.
914 3439 983 3516 379,
994 3441 1028 3498 l).

326 3540 370 3628 (3)
392 3551 422 3609 L.
436 3549 453 3606 l.
466 3548 508 3606 Cf.
521 3548 607 3621 Vise„
620 3547 694 3605 Mus.
715 3546 886 3620 Pio-Clam„
904 3547 922 3603 l.
936 3540 983 3619 lv,
995 3567 1023 3624 p.
1037 3547 1084 3618 51,
1102 3545 1190 3605 tabul.
1205 3567 1244 3604 vr.

327 3656 362 3734 (l)
385 3656 468 3714 Hom.
484 3652 580 3726 iliad„
596 3655 633 3727 ll,
649 3674 675 3711 v.
692 3653 747 3720 546
763 3675 769 3709 :

844 3755 897 3817 'Or
912 3761 969 3816 ποτ’
981 3756 1075 3828 Ἀθήνη

362 3892 374 3916 r
385 3865 489 3947 Θρίψε,
506 3865 569 3932 Διὸς
583 3863 697 3945 θυγάτηρ
709 3861 776 3942 (τέκε
790 3863 817 3922 δὲ
831 3863 951 3942 ζείδωρος
965 3862 1082 3941 ἄρουρα).

283 4033 286 4040 -
317 3996 517 4068 «Censorinus,
527 4017 552 4053 c.
563 3997 610 4056 lv.
621 4028 661 4041 -
673 3995 828 4064 Meursius,
840 3993 875 4052 de
889 3993 987 4070 Regno
1005 3995 1071 4064 Ate,
1082 3994 1122 4066 ll,
1139 4014 1162 4050 r.

326 4101 364 4177 (5)
386 4101 460 4162 Plin.
471 4102 534 4160 Nat.
551 4103 635 4177 ilisa,
650 4102 776 4179 xxxvl,
792 4103 817 4160 5.
831 4135 865 4148 -
876 4103 973 4176 Paua,
986 4103 1021 4174 X,
1034 4101 1079 4174 34,
1093 4101 1119 4159 8.
