3098 5206
767 784 905 832 ...g-

355 909 414 979 nio
441 907 516 1000 (l),
547 909 652 979 luisse
678 907 865 1002 discipulus
894 908 1096 1004 accepimus.
1133 906 1316 999 Ageladam

355 1041 469 1104 autem
491 1031 604 1117 illum,
632 1032 792 1123 quamvis
823 1030 1001 1103 Messeniis
1020 1032 1138 1103 lovem
1165 1032 1318 1103 lthoma-

357 1167 427 1229 tum
443 1159 509 1252 (ἓ),
531 1161 566 1227 et
580 1157 616 1227 in
630 1177 720 1250 page
733 1156 942 1228 Athenarum
957 1155 1124 1228 Meliteusi
1138 1157 1318 1229 Herculem

356 1281 608 1376 sospitatorem·
619 1282 773 1375 posuerit
782 1279 849 1376 (3),
864 1290 978 1375 tamen
992 1282 1027 1353 in
1041 1280 1176 1353 athletis
1193 1303 1320 1375 reprae-

357 1407 536 1478 sentandis
563 1406 690 1501 saepius
717 1404 939 1478 incubantem
960 1407 1168 1499 reperimus,
1192 1407 1320 1501 quippe

357 1530 434 1623 qui,
464 1529 562 1601 verbi
594 1529 717 1621 gratia,
746 1528 992 1601 Timasitheum
1016 1530 1213 1624 Delphicum
1243 1530 1256 1621 (
1283 1531 1317 1626 )-‚

355 1653 590 1726 Cleosthenem
613 1653 858 1748 Epidamnium
870 1651 924 1747 (b)
945 1661 979 1724 et
998 1651 1177 1725 Anochum
1193 1655 1319 1725 Taren·

356 1776 464 1848 tinum
479 1775 532 1872 (6)
547 1778 582 1847 iu
600 1775 788 1870 Olympicis
803 1775 892 1847 ludis
904 1775 1055 1847 victores
1067 1777 1203 1865 iecerit;
1221 1779 1321 1850 itaut

355 1900 509 1973 Phidiam
536 1900 790 1971 adolescentem
809 1909 843 1972 et
865 1899 958 1993 apud
980 1898 1167 1991 Ageladam
1191 1902 1227 1973 iu
1249 1912 1322 1973 arte

356 2024 521 2096 statuaria
534 2045 610 2096 sese
627 2033 846 2096 exercentem
859 2023 1010 2117 primum
1031 2025 1235 2096 athletarum
1247 2046 1323 2119 spe-

356 2149 427 2220 eies
447 2147 622 2220 effinxisse
651 2148 725 2219 veri
753 2147 864 2220 simile
888 2146 945 2219 sit.
970 2148 1071 2232 Quod
1094 2148 1160 2242 ipsi
1183 2149 1323 2221 minime

356 2274 492 2364 nocuit3
521 2274 602 2346 inde
627 2275 755 2346 etenim
782 2275 872 2345 hanc
901 2295 1062 2364 magnam
1085 2274 1240 2369 corporis
1257 2273 1323 2345 bu-

357 2398 464 2487 mani,
481 2398 571 2470 hanc
588 2419 753 2469 venarum
767 2408 800 2468 et
819 2399 1067 2485 musculorum,
1088 2399 1243 2470 veritatis
1255 2398 1324 2470 sci-

357 2523 437 2595 licet
466 2534 500 2593 et
531 2523 613 2594 vitae
651 2522 827 2594 scientiam
862 2521 931 2615 qua
967 2543 1038 2593 nen
1076 2523 1190 2594 minus
1219 2545 1323 2615 quam

357 2649 509 2740 aequales
528 2647 726 2718 nobilitatus
739 2655 801 2730 est,
824 2645 898 2716 sine
913 2645 1020 2716 dubio
1035 2645 1188 2717 retinuit.
1265 2667 1266 2670 ¹

406 2772 484 2842 Nou
504 2771 533 2840 is
556 2781 670 2847 tamen
689 2779 761 2842 erat
779 2768 917 2841 Phidias
934 2769 993 2862 qui
1014 2768 1060 2840 ad
1077 2770 1152 2840 veri
1168 2769 1326 2841 similitu·

358 2895 475 2967 dinem
503 2895 663 2967 dextram
691 2914 826 2989 semper
856 2894 1037 2988 dirigeret,
1069 2904 1103 2966 et
1125 2917 1226 2966 suum
1257 2895 1323 2966 im·

358 3019 524 3126 penderet
544 3019 733 3114 ingenium.
761 3019 847 3106 Qui,
879 3018 921 3091 ea
953 3019 997 3091 de
1024 3042 1062 3091 re
1086 3023 1116 3091 si
1146 3020 1324 3092 Pausauiae

359 3166 557 3238 quanquam
588 3143 722 3216 nutanti
751 3154 785 3216 et
814 3143 951 3215 sibimet
980 3143 1194 3219 dissentienti
1220 3143 1324 3217 fidem

361 3267 589 3346 adhibeamus
603 3265 669 3364 (7),
691 3277 840 3368 quatuor
860 3275 992 3341 tantum
1016 3267 1209 3343 viventium
1229 3268 1324 3340 viro·

401 3525 441 3601 (r)
464 3524 565 3584 Nutur.
579 3523 699 3593 Biston,
714 3517 843 3594 XXXIV,
858 3523 885 3582 8.
1001 3561 1006 3568 ·

401 3631 444 3707 (a)
465 3628 633 3701 Pausanias,
644 3628 693 3701 lv,
707 3630 754 3702 33,
769 3650 796 3687 a.
1215 3710 1218 3715 Ι

400 3737 439 3814 (3)
460 3735 558 3794 Schol.
568 3735 720 3814 Aristopb.
737 3736 767 3794 iu
779 3736 882 3808 Renes,
896 3736 914 3796 l.
923 3736 943 3799 l.
955 3738 1035 3797 -0.
1047 3737 1158 3797 Muller.
1170 3737 1188 3796 l.
1204 3738 1222 3796 l.
1233 3758 1262 3819 p.
1276 3739 1321 3797 13.

400 3843 440 3920 (l)
461 3843 628 3913 Pausanias,
642 3842 692 3917 vl,
707 3843 734 3910 8,
749 3844 778 3903 6.

401 3948 440 4028 (5)
462 3949 552 4020 lbid.,
563 3949 612 4022 vl,
630 3969 675 4023 10,
690 3969 717 4008 a.

401 4058 441 4134 (6)
462 4054 547 4127 lbid.,
560 4055 611 4131 vt,
629 4065 675 4134 ιιι,
688 4055 715 4114 5.

401 4164 439 4240 (7)
461 4162 598 4224 Miltiadis
620 4163 804 4226 simulacrum
829 4163 930 4223 secisse
949 4162 1085 4224 Phidiam
1107 4164 1176 4224 dum
1200 4165 1325 4224 alllrmat
1356 4154 1360 4161 ’
