3098 5206
685 789 722 800 -
744 765 782 815 24
802 789 841 804 .-

336 889 537 981 Qnanquam
564 889 608 960 de
628 890 760 960 caeteris
782 888 872 959 illius
895 887 1057 960 Minervis
1078 890 1240 982 frequens

289 1013 371 1087 satis
395 1013 429 1083 in
463 1013 638 1085 veteribus
663 1013 791 1084 mentio
816 1011 877 1098 fit,
909 1013 971 1084 etsi
1003 1014 1238 1106 magnitudine

287 1138 514 1226 Promacbus,
534 1147 569 1209 et
583 1137 821 1209 Plataeensium
847 1137 970 1227 Araea,
1001 1133 1131 1210 etiamsi
1162 1141 1239 1212 for-

287 1261 480 1334 mosissimo
503 1282 648 1357 corpore
666 1261 804 1332 Lemnia
830 1261 918 1332 banc
938 1283 1046 1353 usque
1073 1261 1163 1334 diem
1180 1264 1238 1334 iu-

287 1384 400 1476 signes
414 1394 661 1471 remanserunt,
679 1383 744 1455 hoc
756 1393 871 1456 tamen
888 1385 922 1454 in
946 1384 1024 1471 illis,
1045 1407 1099 1456 me
1107 1386 1235 1476 judice,

222 1506 223 1510 ’
287 1507 605 1602 reprehendendum
620 1517 688 1594 est,
710 1507 805 1599 quod
823 1529 893 1577 non
911 1517 1016 1577 totam
1035 1507 1184 1580 indolem
1206 1520 1239 1581 et

286 1641 455 1718 naturam,
477 1642 522 1719 et,
535 1642 574 1702 ut
589 1633 634 1702 ita
648 1631 773 1716 dicam,
790 1651 858 1701 nou
872 1639 975 1700 totam
990 1629 1057 1701 illis
1068 1633 1149 1704 Deae
1160 1634 1239 1703 ani-

206 1753 208 1758 ’
286 1777 378 1828 mam
403 1755 565 1828 infuderit
586 1755 719 1825 artifex.
741 1755 833 1850 Quas
857 1753 947 1823 euim
974 1762 1008 1823 et
1030 1754 1098 1846 qua
1122 1756 1239 1828 indole

207 1866 211 1872 ’
287 1877 450 1973 praeditas
462 1899 520 1949 eas
534 1899 608 1948 esse
620 1875 785 1968 legimus?
801 1878 851 1948 De
866 1877 1054 1949 Pellenensi
1068 1879 1236 1969 Minervb,

288 2024 390 2096 quam
411 2023 480 2072 non
497 2002 658 2073 describit
671 1998 884 2090 Pausanias,
904 2002 989 2072 nihil
1008 2003 1101 2096 quod
1129 2003 1241 2075 dicam

290 2126 411 2198 habeo.
432 2127 469 2196 ln
487 2127 675 2198 Promacbo
698 2136 732 2198 et
749 2124 838 2197 Area
853 2127 925 2198 vim
941 2127 1150 2198 bellatricem
1168 2137 1243 2198 tan-

290 2260 363 2332 tum
374 2271 572 2343 expressam
585 2249 605 2321 ὲ
618 2251 755 2321 nomine
766 2251 883 2344 liquet.
898 2252 999 2336 Quod
1012 2251 1055 2323 ad
1069 2252 1242 2323 Lemniam

292 2375 422 2463 attinet,
443 2375 472 2445 si
495 2375 618 2446 mentis
632 2375 690 2446 illa
708 2376 951 2468 sapientiaeque
969 2377 1088 2446 fuisset
1106 2376 1239 2468 imago,

287 2521 357 2571 uon
371 2500 406 2569 in
419 2500 496 2590 ejus
509 2499 580 2570 sola
597 2498 849 2593 pulchritudine
860 2499 1021 2574 ,haesisset
1039 2500 1242 2593 scriptorum

289 2623 466 2695 admiratio
491 2625 551 2714 qui
577 2623 747 2694 Callistam
774 2623 1008 2694 tautummodo
1023 2645 1102 2695 eam
1125 2624 1243 2718 appel·

289 2748 358 2816 lant
376 2743 441 2840 (l).
459 2744 592 2817 Pacifici
611 2756 682 2815 tum
702 2745 895 2833 mulierum,
919 2757 990 2816 tum
1012 2745 1171 2840 opificum
1189 2749 1243 2820 la-

285 2868 403 2958 boris,
428 2869 488 2942 sed
512 2889 575 2941 nec
594 2870 696 2957 belli,
724 2892 788 2943 nec
804 2871 981 2964 sapientiae
1004 2872 1161 2966 princeps
1180 2874 1241 2943 Er·

288 3010 377 3086 gana
389 2995 424 3064 in
437 2995 526 3066 Arce
539 2995 701 3066 Eleorum
717 2995 884 3082 dedicata,
896 2996 955 3087 qul
963 2998 1069 3067 Deam
1080 2998 1240 3081 Dearum,

287 3111 355 3186 δῖαν
385 3120 516 3205 medor,
544 3130 581 3189 ut
597 3120 687 3191 canit
708 3121 876 3192 Homerus
898 3118 964 3215 (P),
983 3120 1090 3192 oculis
1117 3121 1244 3192 obtule-

288 3215 357 3312 iit?
372 3244 421 3314 De
434 3241 616 3314 Cleiducbo
633 3253 721 3314 tacet
739 3244 936 3331 Pausanias,
953 3254 987 3314 et
1008 3244 1097 3314 illius
1116 3264 1240 3315 nomen

287 3367 418 3438 tantiam
441 3366 596 3437 inscribit
612 3366 739 3437 Plinius
754 3340 828 3461 (ills
841 3367 1005 3451 Quocirca
1030 3368 1066 3437 in
1080 3367 1239 3438 omnibus

292 3510 393 3582 quae,
414 3499 595 3583 antequam
609 3499 804 3562 nasceretur
817 3489 1040 3562 Parthenonis
1054 3491 1236 3576 colossum,

327 3670 366 3749 (ι)
377 3649 496 3732 Lucian.
504 3671 653 3750 Imagines,
665 3670 879 3749 43videsuprt,
889 3668 1139 3742 §1.-Pausan.,l,
1150 3669 1219 3741 28,a
1232 3689 1239 3724 :

284 3775 355 3844 Θέας
373 3775 487 3854 μάλιστα
499 3776 621 3846 cliton-
634 3777 725 3845 Pline,
738 3777 865 3854 XXXIV,
879 3776 907 3836 8.
921 3777 1014 3834 -Ot
1036 3773 1116 3833 Mull.
1140 3775 1243 3856 Mann-v

287 3883 378 3954 arch,
393 3889 408 3956 S
423 3905 486 3957 1¹7·

324 3988 365 4067 (a)
386 3989 479 4061 iliad,
494 3990 540 4061 Vl,
555 4010 581 4048 v.
602 3990 667 4049 305.

321 4095 361 4172 (3)
385 4095 473 4167 Plio„
484 4098 547 4153 Nat.
565 4100 637 4155 Hist.
652 4095 789 4164 XXXIV,
806 4095 833 4150 8,
