3098 5206
764 814 924 866 ..32-

369 939 491 1010 lovem
512 935 645 1025 attinet,
673 937 765 1009 bunc
788 938 1006 1029 Phegoueum
1036 938 1245 1031 appellantes
1264 960 1329 1011 co·

368 1063 496 1153 lebant,
514 1063 609 1156 qnod
635 1063 655 1135 ὲ
683 1075 768 1159 pepp
799 1072 858 1134 aut
892 1072 976 1158 φηγῷ
1008 1062 1132 1134 arbore
1149 1072 1195 1143 ‚et
1221 1065 1328 1136 verbo

369 1195 485 1282 φαγεῖν,
504 1208 631 1258 nomeu
652 1186 746 1259 ducit
767 1186 954 1278 originem,
977 1186 1077 1278 eique
1094 1187 1129 1257 in
1148 1187 1328 1260 arboribus

371 1309 488 1382 sedem
510 1310 733 1402 assignabant
756 1333 902 1403 quornm
927 1333 1103 1382 susurrum
1124 1311 1185 1382 Dei
1207 1332 1329 1382 vocem

366 1454 446 1506 esse
459 1435 624 1526 putabant
638 1431 701 1530 (l).
721 1436 917 1507 Cretensem
932 1434 1081 1527 denique
1094 1436 1214 1506 Juvem
1228 1435 1329 1507 Croni

369 1557 446 1630 sive
464 1558 638 1653 temporis,
653 1567 687 1629 et
701 1559 819 1646 Rheae,
835 1580 915 1651 quae
939 1557 1050 1630 llnens
1068 1568 1127 1630 aut
1149 1558 1328 1630 humidum

371 1682 575 1754 elementum
598 1689 662 1769 est,
684 1679 790 1751 filium
809 1681 971 1752 tenebant
992 1691 1026 1752 et
1047 1682 1090 1752 ab
1113 1683 1187 1777 ipsa
1208 1691 1330 1752 natura
1411 1663 1416 1671 ¹

371 1806 433 1877 vix
445 1805 698 1878 discernebant.
715 1806 825 1889 Quem
840 1817 953 1899 peetae
970 1828 1108 1899 quoque
1122 1807 1228 1877 secuti
1251 1814 1329 1876 sunt

370 1931 557 2019 rationem,
577 1928 702 2023 quibus
725 1938 797 2000 tum
824 1938 895 2015 aar,
923 1939 995 2001 tum
1017 1932 1144 2003 coelum
1170 1939 1230 2001 ant
1255 1931 1330 2002 dies

369 2075 446 2126 esse
460 2054 591 2148 Jupiter
603 2053 699 2124 visus
712 2064 765 2124 est
780 2051 843 2148 (2).

420 2179 487 2251 Sed
511 2178 582 2271 jam
610 2180 646 2249 iu
675 2179 918 2273 antiquissimis
945 2180 1155 2252 carminibus
1172 2180 1234 2267 iis,
1250 2200 1330 2274 quae

370 2304 542 2401 praecipue
559 2316 650 2397 sunt,
667 2307 772 2378 animi
787 2306 927 2378 dotibus
941 2304 1122 2398 praeditum
1138 2305 1258 2381 Iovem
1274 2326 1330 2375 re·
1393 2298 1396 2304 ’

370 2432 482 2525 perire
502 2440 565 2502 est.
586 2430 719 2503 Primus
737 2439 771 2502 et
788 2430 941 2517 ultimus,
962 2429 1082 2523 Caput,
1098 2429 1277 2522 Metisque,
1295 2428 1331 2499 id
1351 2418 1360 2433 χ

369 2564 422 2625 est
436 2553 625 2648 prudentia,
639 2563 783 2625 vocatur
792 2553 836 2624 ab
849 2553 926 2624 illis.
937 2554 1024 2624 llum
1039 2553 1111 2623 vim
1121 2552 1237 2622 omnia
1252 2572 1332 2644 quee

371 2677 480 2766 gignit
510 2685 545 2747 et
573 2677 729 2772 spiritum
761 2685 820 2747 aut
846 2677 971 2763 vitam,
1003 2694 1156 2746 amorem
1183 2656 1354 2767 denique¹

369 2798 538 2870 illecebris
560 2800 698 2894 plenum
721 2799 851 2871 dicunt.
872 2800 1032 2871 Attamen
1049 2799 1134 2870 ¹haec
1160 2809 1332 2893 praestan-

369 2921 499 2992 tissima
526 2922 619 2993 Jovis
646 2931 766 2993 natura
790 2922 845 2993 his
868 2923 903 2993 iu
925 2901 1048 2993 fabulis
1073 2920 1186 2992 adhuc
1208 2941 1331 3013 corpus

370 3053 422 3115 est
440 3044 661 3133 immensum,
680 3047 714 3117 in
733 3068 804 3140 quo
825 3046 940 3118 omnia
958 3067 1037 3138 quae
1057 3054 1188 3117 suntet
1206 3043 1329 3115 vivunt

368 3168 588 3241 continentur
601 3167 665 3266 (3).
1131 3168 1135 3176 ’

409 3477 451 3556 p)
470 3477 581 3550 creua,
593 3475 665 3534 isra.
682 3510 721 3520 -
746 3476 893 3537 Plutarch.
912 3476 944 3533 in
960 3474 1107 3535 sosanna
1122 3473 1204 3544 vna,
1219 3470 1329 3548 sepa,

370 3603 399 3660 p.
413 3592 481 3654 214,
495 3584 538 3643 E:
561 3580 624 3643 Εἴτε
642 3581 705 3651 Διὸς
722 3580 833 3650 πολιέως
846 3581 913 3663 ἱερὸν
932 3580 998 3641 ὄντα
1015 3578 1059 3640 τὸν
1074 3582 1120 3651 τῆς
1135 3575 1211 3659 δρυὸς
1229 3575 1328 3658 στέφει·

371 3707 437 3746 νῦν..
450 3729 458 3746 0
470 3731 478 3746 ι

412 3795 453 3887 (a)
475 3795 546 3869 eie,
560 3794 596 3854 de
606 3796 706 3856 Natur.
717 3796 817 3867 Deos,
829 3795 866 3868 ll,
878 3801 925 3861 24.

411 3898 451 3978 (3)
473 3901 610 3979 Orphica.
622 3900 675 3960 Ed.
692 3902 855 3972 Hermann„
869 3919 897 3976 p.
912 3896 979 3968 457,
992 3915 1028 3955 ex
1040 3894 1146 3986 Proclo
1157 3895 1186 3953 in
1203 3895 1331 3955 Platonis

372 4004 513 4064 Timaeum
526 4029 532 4062 :

450 4161 514 4229 zet<
527 4165 631 4243 πρῶτος
645 4162 741 4242 γένετο,
756 4160 820 4231 Ζεὺς
833 4160 942 4229 ὕστατος
956 4160 1160 4245 ἅρχικίραυνος,
1208 4209 1209 4213 ε
