3098 5206
694 737 852 798 ..ης

291 871 405 943 bolum
427 871 481 966 (l)
493 892 504 962 ;‘
520 913 568 923 -
588 881 723 966 sceptro
747 893 878 944 necnon
894 871 1042 943 Victoria
1066 873 1251 945 visomnia

291 997 428 1088 regendi
442 1008 475 1067 et
484 997 565 1068 mali
575 997 784 1090 ubicumque
794 999 837 1068 sit
850 997 1005 1084 arcendi;
1019 999 1144 1070 corona
1156 999 1251 1070 deni-

289 1143 358 1214 qne
380 1122 513 1212 justitia
536 1131 570 1192 et
601 1120 735 1192 bonitas
760 1140 840 1214 qnae
858 1136 959 1193 sunm
991 1122 1114 1215 cuique
1135 1122 1253 1194 tribuit

289 1243 538 1335 significantur.
563 1245 732 1330 Quocirca
755 1245 799 1317 de
817 1250 1050 1334 Jovenostro,
1075 1245 1251 1318 utdeilli-

290 1391 416 1458 nerva,
444 1390 522 1442 eum
545 1391 612 1442 non
633 1369 699 1440 καθ’
717 1350 864 1475 turdo,
889 1370 948 1441 sed
968 1366 1032 1439 καθ’
1047 1375 1116 1441 ὅλου
1134 1373 1252 1445 iecisse

289 1493 442 1565 Phidiam
462 1488 577 1566 dicere
592 1516 659 1567 non
674 1494 916 1566 dubitaverim.

337 1620 453 1690 Restat
470 1628 508 1690 ut
519 1620 612 1691 illam
631 1620 698 1688 καθ’
717 1623 788 1686 iton
805 1628 840 1690 et
862 1618 1124 1711 pulcherrimam
1138 1620 1252 1690 animo

289 1752 447 1814 naturam
465 1743 500 1813 in
520 1742 750 1836 pulcherrimo
768 1762 914 1835 corpore
931 1725 1090 1812 allidit
1107 1745 1251 1834 positam

293 1867 400 1938 inisse
416 1866 652 1937 ostendamus.
675 1867 738 1938 liic
753 1875 867 1938 autem
895 1865 1105 1938 conveniunt
1119 1888 1253 1938 omnes

290 1988 505 2081 antiquitatis
517 1990 702 2084 scriptores
721 1990 903 2080 eximiam,
925 1989 1248 2083 exquisitissimam,

289 2110 495 2196 mirandam,
508 2111 613 2203 quam
626 2111 779 2184 maxime
793 2113 865 2185 [len
874 2112 1015 2204 dignam
1029 2111 1126 2183 lovis
1136 2111 1250 2206 Olym·

291 2232 340 2326 pii
354 2235 500 2308 formam
514 2235 781 2308 conclamantes.
800 2236 863 2306 llic
875 2230 1004 2307 Tullius
1023 2236 1056 2307 in
1080 2237 1247 2323 Oratore,

289 2356 345 2429 bic
368 2357 502 2446 Livius,
522 2359 578 2430 bio
596 2360 722 2432 Paulus
736 2359 908 2446 AEmilins,
933 2369 1019 2432 teste
1044 2359 1249 2447 Plutarcho,

287 2482 344 2554 hio
360 2484 458 2554 multi
476 2483 535 2554 alii
555 2506 703 2577 quorum
719 2485 903 2556 admiratio
920 2482 955 2554 in
980 2485 1034 2555 his
1051 2484 1249 2569 Quintiliani

287 2607 405 2679 verbis
430 2607 512 2678 mihi
537 2617 605 2678 tota
626 2609 794 2710 contineri
823 2617 857 2679 et
880 2630 1014 2679 summa
1037 2609 1072 2677 vi
1104 2610 1251 2702 exprimi

287 2730 436 2802 videtur.
461 2761 478 2796 u
496 2733 600 2823 Cujus
616 2730 769 2825 (Iovis),
789 2734 836 2803 ait
852 2733 930 2819 ille,
951 2733 1171 2825 pulchritudo
1193 2735 1253 2805 ad·
1356 2755 1358 2760 ·

285 2880 307 2921 n
320 2839 445 2944 jecisse
458 2855 592 2950 aliquid
607 2857 708 2927 etiam
734 2867 882 2950 receptae
912 2854 1068 2946 religioni
1088 2855 1248 2944 videtur;

291 3008 308 3043 α
325 2979 413 3053 aden
424 2983 585 3075 majestas
598 2981 875 3075 operisaequavit
887 2983 1008 3052 Deum.
1022 3009 1038 3044 »
1051 2981 1169 3074 anue
1180 2990 1253 3051 erat

288 3106 445 3200 corporis
460 3117 494 3178 et
516 3105 633 3178 vuitus
647 3108 709 3178 Dei
732 3128 835 3200 supra
857 3124 979 3177 verum
1005 3105 1248 3202 pulchritudo,

287 3229 374 3302 adeo
389 3232 580 3324 perlectum
596 3253 702 3326 opus,
725 3241 764 3301 ut
782 3230 913 3302 Phidiae
927 3240 1036 3302 artem
1055 3253 1074 3302 a
1091 3231 1163 3302 Deo
1176 3229 1251 3323 ipso

286 3355 546 3451 comprobatam
571 3356 800 3450 perhiberent.
836 3357 923 3425 Nam
957 3377 1065 3449 quum
1096 3356 1272 3449 expolito,

284 3483 356 3572 jam
375 3481 579 3570 simulacro,
598 3481 720 3553 lovem
737 3483 852 3575 ipsum
866 3481 1058 3574 rogavisset
1076 3480 1199 3551 artilex
1214 3489 1252 3549 ut

288 3603 353 3674 sibi
377 3615 515 3696 gratnm
540 3624 616 3676 esse
642 3625 729 3699 opos
753 3605 853 3698 signo
880 3604 1031 3699 quodam
1051 3612 1249 3683 testaretur,

289 3728 404 3822 templi
427 3729 665 3822 pavimentum
682 3729 726 3801 de
751 3731 839 3802 coelo
858 3737 998 3822 repente
1019 3737 1145 3798 tactum
1162 3738 1214 3798 est
1239 3755 1246 3796 :

290 3854 405 3948 hirriant
435 3849 462 3922 δ’
496 3859 523 3934 ἐς
544 3866 634 3941 potito
655 3867 709 3924 τοῦ
736 3850 863 3948 ἐδάφους
887 3853 1081 3943 κατασκῆψαι
1112 3856 1249 3948 κεραυνόν
1374 3868 1376 3873 “

329 4089 368 4168 (r)
386 4089 486 4148 strides
503 4110 529 4149 v.
544 4089 616 4155 Ζεύς.
