3098 5206
602 736 606 744 '
680 754 839 804 -tu-

285 882 336 959 sui
352 879 516 960 lascivam
531 880 654 961 vitaret
669 876 1009 972 insectationemss(l).
1023 877 1132 966 'Cujus
1147 895 1246 946 seue-

285 1024 361 1073 rum
379 1011 413 1074 et
435 1001 531 1072 triste
554 1017 684 1075 numen
705 1000 879 1096 AEgyptiae
905 1001 1028 1094 puellm
1049 999 1187 1071 fletibus
1215 1007 1249 1070 et

160 1162 162 1168 ·
224 1115 226 1119 ’
285 1125 471 1216 sumturus
487 1123 789 1219 contutante),
811 1134 848 1196 et
864 1124 901 1194 u
917 1125 1001 1195 neae
1018 1123 1250 1196 nonnemo·

286 1251 352 1321 mis
363 1248 558 1338 certabant,
573 1259 624 1335 ut,
641 1247 731 1321 virili
745 1269 841 1320 mure
852 1247 1028 1332 ludendo,
1044 1245 1251 1338 uirginitatis

287 1394 360 1443 suae
379 1381 510 1443 certum
529 1371 650 1443 darent
664 1382 905 1462 argumentum
919 1368 985 1465 (3).
1004 1369 1080 1441 Fuit
1093 1378 1128 1440 et
1144 1370 1251 1440 altera

289 1496 458 1581 Minerva,
476 1493 637 1565 Pallantis
660 1492 747 1577 filia,
769 1513 850 1584 quae
868 1501 999 1586 patrem
1025 1491 1090 1562 sibi
1108 1492 1179 1562 vim
1194 1493 1252 1561 in-

239 1705 241 1711 ,
293 1620 382 1689 ferre
400 1628 580 1690 conantem
599 1616 772 1687 interemit
784 1615 849 1710 (l).

175 1739 181 1762 ’
293 1737 296 1745 ’
339 1742 440 1837 Apud
463 1743 600 1813 Graecos
620 1741 769 1834 Neptuni
795 1740 925 1811 incesta
946 1738 1108 1832 cupidine
1134 1739 1256 1812 arden-

290 1868 334 1939 tis
358 1883 392 1939 et
419 1866 592 1937 libidinosi
621 1865 782 1936 Pallantis
800 1865 895 1936 uices
914 1863 1034 1959 implet
1053 1862 1255 1956 Hephaestus

290 1992 365 2062 sive
381 1990 564 2060 Vulcanus.
578 1989 653 2079 Cui,
670 1988 754 2060 Coeli
766 1988 849 2074 lilio,
866 1989 1023 2061 nonnulli
1038 2000 1181 2083 nuptam
1199 1989 1261 2060 au?

290 2113 376 2207 tiqui
397 2111 551 2184 historici
570 2111 710 2184 voluere
728 2113 933 2199 Minervam,
954 2123 988 2184 et
1005 2135 1057 2184 ex·
1069 2111 1123 2184 his
1138 2122 1257 2185 natum

291 2237 485 2332 Apollinem
498 2236 711 2310 Athenarum
729 2238 908 2310 custodem
925 2235 991 2331 (5).
1009 2237 1076 2310 Sed
1091 2227 1145 2308 his
1164 2239 1258 2310 Plato

291 2361 511 2448 contradicit,
527 2361 546 2432 a
565 2384 635 2456 quo
650 2371 808 2434 narratur
819 2385 928 2454 quum
944 2362 1031 2433 inter
1047 2364 1137 2434 Deos
1153 2374 1259 2435 terru-

292 2504 369 2555 rum
402 2495 439 2556 et
469 2484 673 2578 populorum
705 2482 802 2556 fieret
831 2483 992 2579 partitio,
1014 2484 1205 2556 Minervam
1227 2494 1262 2555 et

181 2662 183 2667 .
236 2599 238 2604 ’
292 2611 500 2697 Vulcanum,
519 2607 614 2700 qnod
633 2587 756 2681 eodem
784 2618 879 2703 patra
902 2608 969 2680 orti
989 2619 1022 2679 et
1047 2607 1149 2679 simili
1169 2629 1262 2702 prae-

293 2732 355 2801 diti
371 2731 506 2817 natura,
519 2729 643 2802 eodem
655 2731 780 2802 artium
794 2740 828 2803 et
843 2732 1012 2804 doctrinae
1024 2731 1139 2803 studio
1154 2754 1261 2802 unum
1282 2738 1286 2746 '

294 2866 328 2925 et
342 2854 513 2926 eumdem
530 2864 817 2954 persequerentur
839 2854 954 2944 linem,
979 2855 1126 2927 Atticam
1144 2855 1262 2947 regio-

297 2998 375 3049 nem
398 2999 473 3054 suae
488 2998 609 3050 eorum
629 2988 662 3049 et
681 2978 800 3050 virtuti
818 2987 852 3049 et
866 2964 1058 3074 prudentiae
1076 2978 1262 3050 admodum

295 3113 409 3197 aptam
427 3113 462 3174 et
473 3112 727 3194 congruentem
747 3112 840 3176 sorte
870 3104 1062 3177 obtinuisse
1083 3102 1149 3199 (6).
1178 3105 1265 3174 Sunt

296 3225 354 3298 alii
372 3227 432 3320 qui
447 3225 638 3299 Minervam
651 3228 803 3300 Vulcano
815 3240 956 3328 nuptam
972 3228 1077 3300 fuisse
1090 3250 1153 3322 pro
1171 3225 1264 3299 certo

339 3467 380 3545 (ι)
402 3469 554 3544 llerodot.,
571 3469 619 3540 ΙΙΙ,
637 3470 723 3527 τθο.“

215 3615 216 3618 ¹
311 3627 326 3661 .·
337 3573 374 3650 (ι)
397 3573 482 3653 thid,
497 3574 730 3650 altpt-ullum„
747 3574 793 3648 Vl,
808 3597 837 3634 v.
853 3576 918 3636 301.
935 3571 1070 3649 Creuzer‘,
1085 3576 1175 3655 Relig.
1193 3590 1267 3650 ant„

301 3681 374 3743 trad.
388 3682 513 3760 Guigu„
526 3702 557 3759 pt
567 3682 635 3755 708.
773 3691 777 3705 ⁴
1021 3707 1023 3715 ·

312 3859 314 3863 Ι
342 3787 381 3865 (3)
404 3787 675 3860 Herod.‚tv,180.

328 3884 381 3972 (ί.)
397 3876 508 3974 Cicer„
520 3894 556 3952 de
573 3895 683 3970 Natural
698 3896 845 3971 Deorum,
856 3896 908 3979 lll,
921 3917 950 3957 c.
964 3897 1013 3955 23.

195 3984 197 3988 ¹
342 3995 589 4078 (Sl'lbid.‚c.nu.
657 3990 689 3996 '⁴

342 4104 379 4181 (6)
400 4102 496 4179 Plato,
511 4104 626 4177 Critias,
639 4125 667 4182 p.
686 4125 749 4180 109,
769 4126 832 4162 ιη.
941 4173 942 4178 ¹
