3098 5206
673 864 712 874 ..
734 841 770 891 30
791 861 830 876 .-

330 967 385 1039 Ad
400 966 475 1037 baec
489 965 630 1057 adjicias
643 966 737 1058 qnod
757 987 797 1037 ea
815 964 879 1036 fnit
898 964 1107 1037 admirabilis
1120 966 1237 1058 singu-

284 1093 434 1186 larisque
458 1090 604 1164 Palladis
621 1091 765 1192 Athenae
793 1100 933 1175 natura,
959 1092 1076 1184 utqui
1097 1111 1172 1162 eam
1194 1090 1238 1162 ad

284 1217 461 1290 veritatem
482 1215 747 1307 excogitaverit,
771 1216 860 1286 bane
879 1214 1023 1309 pulchra
1045 1236 1113 1287 non
1129 1215 1238 1286 solium

285 1339 347 1411 sed
377 1337 605 1433 pulcherrima
635 1338 744 1410 formft
774 1338 930 1410 debuerit
959 1339 1083 1410 facere.
1118 1339 1240 1410 Nonne

285 1464 377 1536 enim
391 1473 425 1535 et
435 1463 551 1556 virgo,
567 1473 601 1536 et
617 1463 696 1535 belli
712 1483 850 1550 amans;
868 1482 985 1532 nonne
997 1482 1084 1532 sexu
1100 1463 1237 1552 femina,

288 1589 413 1668 virtute
429 1597 541 1661 antem
563 1588 637 1673 vir3
662 1606 777 1656 nonne
791 1585 932 1656 mollitie
949 1583 1098 1677 quddam
1117 1594 1151 1657 et
1169 1607 1242 1657 ma·

288 1712 384 1785 ternd
397 1711 607 1802 benignitate
624 1709 842 1798 mulieribus,
865 1709 1063 1781 fortitudine
1081 1721 1194 1782 antem
1208 1719 1243 1782 et

287 1839 323 1909 in
345 1838 449 1909 armis
461 1833 614 1930 potentia
632 1834 717 1905 viris
736 1833 857 1906 similis
877 1832 969 1904 fuit?
984 1834 1105 1905 Nonne
1121 1835 1239 1926 igitur,

287 1964 375 2035 miro
402 1969 585 2047 concentu,
618 1980 696 2031 cnm
720 1957 828 2052 gratia
855 1958 928 2030 vim
962 1959 1178 2049 conjunctam
1209 1969 1244 2029 et

287 2087 446 2170 mixtam,
465 2105 545 2178 qnae
565 2104 723 2177 supreme
741 2083 874 2178 pulchri
888 2102 1004 2170 causa,
1023 2082 1082 2152 lex
1101 2089 1135 2152 et
1156 2082 1244 2153 ratio

288 2218 520 2303 nuncupatur,
555 2207 703 2280 babuit?
732 2208 840 2278 Omne
869 2228 954 2300 ergo
977 2205 1054 2277 tulit
1080 2215 1244 2300 punctum

288 2333 425 2406 Phidias
446 2334 542 2424 cujus
569 2334 604 2403 in
638 2332 803 2403 Minervae
826 2351 971 2425 corpore
997 2340 1031 2402 et
1056 2330 1155 2402 vultu
1174 2329 1245 2402 vir·

288 2460 401 2551 gineae
420 2460 539 2552 gratiae
561 2468 595 2530 et
608 2457 743 2530 roboris
756 2457 873 2528 invicti
888 2478 1060 2527 summum
1082 2456 1246 2528 effulserit

288 2584 405 2657 decus.

336 2708 435 2778 Hunc
451 2725 497 2775 ex
521 2705 674 2796 hisquae
698 2726 801 2797 supra
823 2705 912 2775 dieta
939 2713 1020 2774 sunt
1044 2705 1249 2777 concludere

289 2851 354 2902 nos
382 2851 437 2900 res
466 2831 540 2923 ipsa
574 2829 668 2919 cogit
698 2828 852 2899 Phidiam
886 2827 992 2920 qnhm
1023 2828 1248 2899 Parthenonis

288 2955 477 3026 Minervam
494 2953 707 3043 excogitaret
725 2964 759 3024 et
781 2952 956 3046 effingeret
982 2977 990 3020 :
1018 2958 1064 3023 l⁰
1085 2952 1248 3044 neglectis

287 3079 501 3168 differentiis,
517 3080 592 3150 haec
607 3091 738 3151 tantum
759 3079 902 3171 elegisse
922 3088 956 3150 et
975 3078 1125 3172 quodam
1142 3078 1248 3150 modo

287 3203 457 3276 delibasse
479 3226 558 3295 qnae
583 3204 744 3275 omnibns
772 3203 923 3274 inessent
949 3203 1114 3275 Minervis
1141 3213 1175 3274 et
1202 3203 1248 3272 ita

289 3349 360 3400 non
385 3327 565 3422 privatam,
592 3349 656 3399 nec
683 3328 892 3419 indigenam,
916 3349 988 3399 non
1012 3328 1161 3420 deniqne
1183 3325 1250 3396 καθ’

290 3432 432 3540 ἕκαστόν,
454 3450 514 3521 sed
533 3447 595 3519 καθ’
607 3455 679 3518 ὅλου
696 3450 888 3523 Minervam
906 3451 1096 3539 creavisse3
1118 3449 1157 3520 2⁰
1175 3451 1250 3522 deae
1356 3440 1384 3450 Η
1403 3436 1444 3507 3*

160 3675 164 3683 Ι
265 3592 271 3599 ’
290 3594 363 3645 suae
380 3576 547 3668 optimum
563 3575 914 3669 perfectissimumque
929 3586 1000 3646 tum
1014 3573 1246 3666 intelligentia,

291 3705 362 3767 tum
375 3699 499 3789 agendi
512 3707 546 3769 et
563 3699 736 3792 pugnandi
750 3699 799 3790 vi,
817 3709 888 3770 tum
905 3698 1027 3770 naturb
1045 3699 1065 3769 al
1081 3697 1249 3792 cupidini-

291 3820 356 3893 bus
381 3824 599 3915 terrestrique
616 3846 733 3897 amore
750 3822 876 3911 vacua,
899 3823 1049 3894 animum
1070 3811 1248 3911 tribuisse;

292 3946 332 4015 3⁰
352 3946 445 4016 hunc
466 3948 604 4019 demum
630 3947 893 4044 pulcherrimum
917 3947 1069 4017 animum
1091 3947 1249 4041 pulcher·

291 4070 379 4142 mmo
389 4073 535 4164 corpori,
548 4073 694 4164 gratiam
703 4094 783 4144 cnm
793 4070 917 4142 robore
928 4053 1082 4162 junctam
1094 4072 1248 4160 babenti,

292 4195 373 4267 artis
393 4215 465 4266 snae
494 4196 657 4268 miraculo
682 4194 861 4267 infudisse.
886 4196 942 4268 Ex·
963 4218 1033 4290 qno
1051 4195 1195 4268 efficitur
1212 4205 1251 4266 ut
