3098 5206
686 807 845 857 *59*

280 931 521 1002 serc'Platunis
533 932 595 1002 Dei
609 943 766 1003 naturam
783 934 818 1003 in
838 931 892 1002 his
912 920 1042 1004 tantiam
1060 910 1247 1005 censistero

282 1057 379 1127 vanis
394 1065 427 1127 et
444 1053 653 1145 cogitatione
666 1055 711 1125 uh
723 1054 819 1125 omni
837 1076 874 1124 re
886 1018 1060 1148 separati}
1067 1054 1248 1148 speciebus

278 1199 359 1276 quae
386 1181 406 1252 a
429 1177 642 1250 scholasticis
664 1174 878 1248 universalia
902 1177 1126 1280 vocabantui.
1157 1181 1248 1252 Nihil

280 1319 361 1376 sunt
376 1303 518 1376 omnino
531 1304 739 1375 universalia
752 1334 760 1391 3
777 1300 869 1376 Deus
885 1318 999 1376 autem
1015 1280 1245 1396 Platonicam,

281 1432 316 1502 et
330 1429 431 1515 vivit,
447 1428 686 1521 aeternhmque
706 1428 812 1500 vivet.
832 1430 945 1514 thm
962 1429 1120 1530 triaque
1140 1429 1249 1502 divini

281 1554 431 1625 auncinis
442 1553 556 1625 animo
568 1553 688 1625 tribuit
699 1553 755 1624 ille
766 1550 831 1622 καθ’
844 1559 914 1623 ὅλου
927 1554 1067 1626 nomine
1078 1554 1246 1647 designat

282 1681 339 1750 illa
360 1671 528 1769 significat
555 1680 767 1772 exemplaria
792 1700 869 1750 esse
891 1700 1038 1772 quorum
1063 1679 1253 1777 imaginem

282 1816 315 1876 et
345 1815 500 1875 naturam
529 1803 612 1874 nihil
640 1815 692 1874 est
723 1804 819 1896 qnod
846 1825 906 1898 pro
936 1815 1057 1876 natura
1088 1824 1151 1875 sua
1178 1824 1247 1875 non

284 1929 443 2002 imitetur.
468 1929 621 2000 Phidiam
647 1939 760 2000 autem
782 1950 899 2001 nonne
924 1929 1075 2002 vidimus
1088 1909 1244 2003 tovi-Mt·
1314 2010 1317 2012 ,

282 2074 471 2147 nervaequc
499 2052 592 2145 quod
617 2053 778 2123 omnihus
805 2065 877 2123 tum
900 2053 1063 2140 leubae,
1092 2066 1164 2124 tum
1187 2052 1251 2124 Μί-

283 2177 399 2279 neruia
417 2176 559 2246 Graeciae
575 2197 756 2246 commuue
772 2177 859 2277 fcret
872 2177 1106 2248 tribuentem?

331 2301 413 2372 Sina
422 2321 568 2394 corpore
581 2302 688 2371 Deum
701 2322 788 2388 esse,
803 2303 881 2371 etin
895 2301 1089 2395 ecquidem
1099 2303 1251 2398 maxime

201 2455 203 2459 ·
284 2424 489 2515 laudandus,
512 2424 606 2495 Platc
619 2424 796 2496 existimat
807 2423 874 2519 (l).
889 2423 1034 2496 Pulchra
1052 2435 1166 2496 autem
1180 2420 1253 2496 cur·

284 2570 381 2646 pora,
401 2550 590 2623 dummodo
613 2552 648 2620 in
663 2549 705 2621 iis
720 2549 863 2642 pulcher
883 2551 1098 2644 exprimatur
1115 2550 1252 2648 animes

284 2684 318 2745 at
343 2675 471 2769 spiret,
498 2676 572 2747 sine
601 2674 788 2746 libidinosa
821 2674 982 2768 cupidine
1016 2658 1252 2768 contemptui·-

285 2810 352 2869 tam
386 2809 420 2871 et
452 2801 580 2871 sensim
610 2801 678 2867 καθ’
708 2801 779 2867 mot
814 2799 1105 2891 pulchritudinem
1135 2787 1252 2870 cunci&

284 2923 446 3014 piantem,
470 2926 566 2995 hunc·
582 2923 626 2995 ad
647 2931 811 2993 aeternam
834 2924 975 2995 eximiae
993 2909 1253 3018 pulchritudiuis

285 3047 396 3118 ideam
417 3068 519 3138 quam
535 3048 616 3118 olim
629 3048 667 3117 ia
682 3049 770 3118 coelo
778 3047 1015 3142 intuebamur,
1030 3047 1090 3119 sed
1104 3049 1201 3140 cujus
1216 3049 1251 3118 in
1287 3086 1289 3090 ·

283 3180 408 3241 terram
435 3170 565 3263 delapsi
597 3171 693 3242 ohliti
723 3193 859 3259 summ,
895 3171 978 3242 dicit
1010 3193 1129 3242 rursus
1151 3170 1252 3243 avehi

287 3315 388 3390 pesse
401 3293 464 3389 (l).
485 3295 535 3365 lta
553 3306 610 3384 ut,
633 3316 703 3366 uon
720 3295 874 3367 aliterue
891 3295 1250 3390 lovisMiner'vaequd

282 3419 350 3492 'nec
363 3440 432 3491 non
452 3419 590 3490 Uraniae
605 3419 749 3491 Veneris
764 3421 874 3492 lurmd
890 3431 1037 3516 receptae
1050 3420 1181 3515 aliquid
1194 3419 1254 3491 ud·

282 3544 365 3634 jecit
386 3544 544 3635 religioni
558 3545 708 3633 Phidias,
726 3546 776 3616 sic
791 3546 824 3616 in
840 3546 903 3618 sua
920 3548 964 3618 de
977 3547 1063 3617 ideis
1080 3544 1249 3638 doctrind,

287 3666 550 3760 pulchritudinis
573 3666 735 3760 adspectu
755 3685 835 3759 quae
859 3668 893 3738 in
921 3670 1037 3739 animo
1052 3667 1269 3760 intelligenti¹

287 3803 320 3861 et
341 3793 485 3886 sapienti
507 3792 698 3887 splendeat,
718 3813 780 3863 uos
799 3802 961 3886 tauquam
980 3792 1171 3865 certissima
1188 3791 1247 3894 vid

328 4043 368 4118 (r)
390 4044 574 4114 convivium,
591 4065 619 4122 p.
632 4063 685 4100 ἰιι
700 4037 842 4111 ;1>taedr.,
856 4058 887 4119 p.
906 4047 972 4113 247.

329 4149 364 4226 (a)
389 4152 571 4222 convivium,
583 4173 611 4229 p.
626 4149 839 4226 2123Phaedr„
854 4169 884 4226 p.
894 4148 1035 4210 ahi-252.
