3098 5206
726 802 884 852 -η-

329 930 423 1003 nullo
439 933 475 1002 in
493 932 560 1004 aiio
578 932 653 1001 ioco
676 930 778 1000 armis
799 939 834 1001 et
851 929 976 999 virtute
992 928 1162 1021 potentior
1184 929 1282 1002 inve-

326 1055 390 1126 niri
410 1055 475 1126 dea
492 1062 609 1125 nostra
621 1062 732 1147 potest
749 1052 853 1147 qudm
873 1052 909 1121 in
929 1051 988 1122 illo
1007 1071 1084 1122 cum
1098 1051 1204 1122 Marte
1220 1052 1283 1123 ho·

326 1177 452 1250 merioo
471 1174 654 1247 certamine
678 1196 747 1267 quo
766 1176 887 1258 ferum,
911 1195 974 1245 nec
989 1174 1054 1245 sibi
1071 1174 1152 1246 satis
1175 1175 1282 1268 impe·

326 1311 459 1373 rentem
476 1301 585 1370 Deum
606 1298 750 1392 percutit
777 1305 810 1368 et
838 1298 975 1384 sternit,
1010 1307 1043 1370 et
1063 1298 1284 1370 auxiliantem

327 1421 455 1493 deinde
471 1421 569 1491 Marti
583 1421 751 1492 Venerem
772 1419 871 1493 hestd
893 1442 1031 1514 quoque
1043 1423 1202 1495 vulneret
1213 1421 1279 1519 (1).

331 1544 593 1616 Alalcomeniem
607 1552 710 1615 vocat
730 1546 899 1616 Homerus
911 1545 1099 1618 Minervam
1115 1572 1123 1616 :
1142 1547 1197 1619 cui
1220 1568 1285 1618 no-

331 1668 414 1739 mini
439 1668 607 1761 duplicem
629 1668 781 1759 assignat
801 1668 969 1759 originem
991 1669 1192 1758 Pausanias3
1217 1671 1284 1743 hou

329 1793 421 1898 enim
435 1793 516 1864 dicit
533 1815 579 1863 ex
596 1814 638 1864 eo
660 1792 801 1865 ductum
820 1793 914 1886 qndd
932 1795 1004 1865 Dea
1031 1795 1074 1864 ab
1093 1793 1284 1867 Alalcome-

214 1935 217 1940 ·
325 1916 386 1991 nio
401 1916 552 2010 quodam
576 1917 611 1987 in
628 1915 774 2005 Boeotit,
802 1916 940 1989 homine
967 1916 1139 2010 indigent,
1159 1919 1284 1990 nutrita

328 2043 443 2130 fuerit,
464 2050 525 2112 aut
539 2040 634 2135 quod
658 2039 762 2117 filiam
783 2038 1049 2113 Alalcomeniam
1064 2043 1203 2114 nomine
1220 2042 1284 2115 ha·

325 2166 440 2236 buerit
461 2166 598 2258 Ogygos
610 2161 673 2258 (2).
693 2167 734 2233 dt
747 2163 778 2234 si
795 2185 872 2234 cum
886 2164 1063 2237 Creuzerio
1076 2167 1120 2238 ed
1135 2167 1230 2238 vocis
1245 2168 1285 2238 il·
1369 2233 1371 2239 .

306 2278 394 2357 ¹lius
422 2287 554 2358 radices
590 2286 857 2374 descendemus,
887 2286 987 2357 nohis
1013 2287 1048 2377 in
1076 2297 1192 2381 aperto
1221 2290 1286 2360 erit
1349 2296 1353 2308 '

327 2409 594 2482 Alalcomeniem
608 2409 693 2481 nihil
709 2431 785 2481 esse
797 2409 863 2480 nisi
878 2410 948 2481 Dea
959 2430 1038 2501 quae
1049 2409 1084 2479 in
1101 2410 1286 2503 pugnando

326 2544 538 2634 perseverat,
557 2540 587 2603 ἐν
599 2537 678 2631 ἀλκῇ
692 2538 773 2629 μένει
786 2533 851 2630 (3).
874 2536 913 2605 ln
927 2535 1099 2628 plerisque
1119 2534 1284 2610 Minervae

326 2682 407 2756 qnae
421 2668 606 2754 supersunt
618 2658 840 2750 imaginibus,
857 2659 990 2750 galeata
1004 2667 1038 2730 et
1055 2658 1188 2733 hastam
1205 2659 1286 2730 dex·

239 2816 242 2822 ·
327 2783 380 2855 trd
398 2793 529 2872 tenens,
547 2795 711 2877 tanquam
725 2786 770 2855 ad
782 2784 911 2885 bellum
926 2791 1043 2878 parata
1056 2805 1190 2878 semper
1203 2793 1281 2855 stat.

327 2909 482 3000 Denique
493 2930 533 2981 ea
547 2917 599 2980 est
607 2908 698 2978 illins
713 2917 746 2978 et
759 2908 813 2979 vis
825 2917 859 2978 et
871 2888 1019 3000 potestas
1032 2917 1070 2977 ut
1081 2907 1283 2983 hancuean

327 3033 420 3105 Jovis
447 3033 554 3127 ipsius
575 3033 648 3103 vim
667 3052 742 3104 esse
760 3032 924 3122 dixerint,
947 3052 1164 3134 quocumque
1180 3032 1284 3104 modo

327 3158 393 3230 hoc
409 3157 556 3230 verbum
574 3156 763 3249 intelligere
781 3156 867 3227 velis
879 3153 943 3251 (4).

376 3282 461 3354 Cum
479 3281 675 3374 virginitate
692 3291 725 3352 et
744 3280 909 3375 potentie,
924 3290 1074 3355 mentem
1086 3281 1191 3353 habet
1207 3282 1283 3354 Pel-

327 3407 378 3478 les
396 3404 542 3478 Athena.
561 3408 646 3496 lmo,
666 3428 763 3478 mens
776 3407 851 3500 ipse
868 3415 932 3498 est,
955 3428 1053 3477 mens
1067 3406 1160 3478 Iovis
1177 3406 1284 3501 ipsius

446 3612 521 3693 ἔγχος
535 3612 558 3672 δ’
572 3580 667 3684 {aruns
679 3611 805 3693 στιόαρῆς
819 3612 872 3672 ἀπὸ
883 3612 969 3694 χειρὸς
980 3614 1074 3672 ἑλοῦσα

445 3720 567 3801 χάλκεον·
579 3724 596 3792 ἡ
611 3720 634 3779 δ’
648 3717 755 3779 ἐπέεσσι
769 3717 917 3779 καθάπτετο
931 3724 1019 3800 θῶρον
1031 3717 1125 3799 Ἄρηα.

365 3856 376 3933 (
383 3857 405 3932 ι)
426 3854 520 3927 Iliad,
533 3856 568 3924 V,
580 3874 606 3912 v.
617 3853 809 3930 908.-xx1,
821 3874 848 3912 v.
859 3855 978 3930 391.-
989 3855 1054 3923 430.

369 3962 408 4039 (α)
430 3964 567 4034 Pansam,
582 3962 633 4035 lx,
648 3961 734 4028 33-4.

367 4066 409 4146 (3)
429 4069 562 4139 Creuzer,
576 4069 638 4128 uel.
651 4069 758 4146 Antiq,
774 4082 793 4126 t.
805 4070 846 4141 ΙΙ,
859 4087 886 4146 ρ.
903 4076 968 4145 749.

369 4172 411 4251 (Ι.)
432 4172 517 4250 Ibid,
531 4173 615 4245 ibid,
627 4182 693 4245 7²4·
821 4243 824 4248 1
