3098 5206
717 757 874 811 ..56-

310 883 521 979 apertissime
551 883 770 956 manilestum
798 884 933 975 legitur.
964 885 1150 976 Postquam
1178 888 1270 958 enim

308 1007 400 1079 dixit
414 1008 511 1079 Pluto
533 1009 642 1080 Deum
659 1010 789 1082 bouum
809 1011 1007 1081 absolutum
1021 1011 1174 1107 emeli),
1193 1012 1270 1104 pul-

308 1130 552 1229 chriflspeciem
580 1144 613 1202 et
638 1133 821 1204 essentiam
839 1133 874 1203 iu
895 1133 977 1204 boui
998 1133 1106 1229 ipsius
1123 1134 1276 1206 essentid'

308 1256 457 1327 infusam
484 1266 518 1326 et
540 1256 691 1349 quodam
722 1257 825 1329 modo
851 1256 1048 1328 immersam
1073 1258 1188 1348 jacere
1215 1277 1269 1327 es·
1352 1252 1360 1279 ³

305 1377 390 1453 serit
407 1377 472 1475 (ᾖ).
498 1381 571 1452 lmo
596 1381 691 1466 boni,
714 1381 859 1475 pulchri,
888 1381 1028 1475 verique
1056 1403 1144 1475 quas
1168 1389 1270 1452 vocat

306 1505 402 1578 ideas
416 1505 500 1576 nihil
522 1504 589 1577 nisi
606 1505 701 1599 quod
718 1503 871 1575 diuinum
890 1527 1128 1599 nuncupemus
1151 1505 1198 1576 illi
1217 1506 1270 1577 vi·

306 1610 430 1702 deutur
443 1623 517 1702 esse
529 1628 777 1726 (3).Denique{‚
788 1630 1150 1704 nevellevissimdsua
1162 1631 1269 1725 ipsius

305 1756 350 1827 de
362 1755 498 1851 pulchri
510 1754 632 1825 naturd
644 1755 812 1825 sententia
823 1754 981 1827 involuta
991 1755 1138 1846 caligine
1151 1757 1265 1843 lateat,

303 1880 371 1952 hoc
384 1881 419 1952 in
435 1880 579 1951 Phaedro
589 1880 728 1950 statuit:
745 1879 889 1972 pulchri,
903 1880 1000 1969 boni,
1019 1879 1162 1974 verique
1173 1881 1269 1952 ideas

305 2005 340 2076 in
369 2006 440 2076 Deo
465 2005 540 2098 ipso
567 2004 696 2095 inesse,
724 2015 758 2076 et
783 2007 892 2077 Deum
919 2005 984 2078 hoc
1007 2006 1118 2077 solum
1145 2027 1267 2077 verum

304 2151 380 2201 esse
404 2131 514 2200 Deum
539 2128 731 2222 quodcum
756 2129 798 2199 iis
822 2129 897 2221 ejus
919 2141 1041 2222 ueturu
1063 2130 1198 2222 penitus
1224 2130 1268 2200 sit

299 2254 418 2344 juncta
433 2251 497 2348 (l).
515 2254 564 2325 lta
580 2264 617 2324 ut
630 2276 764 2325 summa
779 2253 998 2347 pulchritudo
1012 2256 1104 2325 Deus
1121 2254 1195 2348 ipse
1209 2254 1264 2339 sit,

303 2401 368 2451 nec
385 2400 546 2449 essenon
565 2379 687 2472 possit.
707 2380 779 2449 Hoc
797 2378 899 2470 igilur
915 2377 1046 2450 Phidiae
1067 2379 1268 2472 Platonique

304 2500 452 2594 primum
474 2521 654 2571 commune
675 2509 739 2585 est,
757 2499 851 2592 qudd
866 2502 957 2570 Deus
973 2509 1006 2570 et
1023 2522 1156 2570 summa
1170 2510 1268 2570 aeter·

304 2645 418 2716 neque
452 2621 671 2716 pulchritudo
706 2621 750 2693 iis
780 2643 886 2690 unum
917 2631 952 2690 et
982 2621 1185 2693 idemesse
1212 2623 1266 2692 vi·

302 2747 459 2818 deantur.

314 2898 316 2902 ⁴
353 2872 405 2943 llli
423 2882 550 2960 autem,
572 2872 701 2965 deque
720 2871 875 2941 divinum
892 2871 926 2940 in
942 2869 1085 2941 modum
1100 2870 1266 2963 loquitur,

303 2995 560 3096 pulchritudini,
575 2997 610 3069 in
621 2996 791 3068 Convivio
807 2996 933 3069 nullam
943 3017 1019 3067 esse
1029 2995 1175 3066 formam
1187 3017 1267 3089 quae

303 3120 368 3192 sub
386 3140 525 3190 sensum
545 3119 659 3208 cadat,
682 3142 747 3191 nec
767 3121 914 3207 vultum,
939 3142 1005 3191 nec
1022 3141 1158 3209 manus,
1181 3121 1266 3191 uihil

196 3274 205 3293 ·
301 3243 451 3338 denique
461 3245 554 3338 quod
567 3245 610 3315 sit
619 3244 787 3338 corporis,
800 3245 938 3315 vatibus
947 3244 1268 3316 admodumsimilie

302 3371 398 3443 Pluto
412 3369 521 3459 canit3
542 3389 655 3461 neque
676 3370 765 3440 hanc
785 3390 937 3462 unquam
960 3368 1175 3464 incorpore,
1206 3368 1267 3441 sed

344 3601 383 3680 (r)
406 3603 448 3661 De
462 3599 622 3681 Republica
636 3601 672 3672 ll,
687 3621 716 3680 p.
730 3599 877 3676 3793Vll,
895 3620 923 3678 p.
938 3600 1004 3672 517.

343 3709 383 3786 (α)
406 3706 533 3779 Plrileb.‚
551 3729 581 3788 p.
608 3708 645 3776 64
662 3729 669 3763 ε
688 3711 734 3765 νῦν
757 3702 784 3764 δὲ
812 3703 1008 3787 καταπέφευγεν
1029 3707 1131 3781 ἡμᾶςὴ
1151 3706 1266 3782 τάγαθοῦ

301 3809 409 3890 δύναμις
425 3812 459 3880 εἷς
475 3809 523 3884 τὴν
537 3816 583 3871 τοῦ
597 3813 679 3871 καλοῦ
694 3809 780 3893 φύσιν.

342 3915 380 4000 (3)
397 3917 525 3993 phaedr„
542 3941 571 4000 p.
591 3921 665 3988 146:
685 3917 725 3979 Τὸ
748 3917 776 3978 δὲ
797 3921 863 3976 θεῖον
886 3914 978 3987 καλὸν,
996 3914 1087 3998 σοφὸν,
1108 3916 1264 3995 ἀγαθὸνκαὶ

301 4030 353 4081 πᾶν
367 4019 417 4080 ὅτι
430 4029 541 4081 τοιοῦτο.

341 4130 379 4207 (l)
402 4126 486 4201 ibid,
501 4149 529 4206 p.
547 4139 622 4206 249:
636 4125 708 4209 Πρὸς
719 4098 816 4209 οἶξπερ
832 4127 914 4196 teste
928 4125 963 4186 ὢν
978 4127 1042 4196 θεῖός
1054 4131 1120 4189 ἐστι.
1227 4182 1230 4188 .
