3098 5206
715 771 873 822 *52-

306 893 549 988 llecatompedi
565 896 793 968 marmoribus
813 897 891 990 quis
910 917 979 968 non
1006 896 1144 970 videat?
1176 899 1269 970 Nihil

304 1029 419 1090 tamen
443 1029 496 1091 est
518 1019 635 1091 inillis
652 1042 718 1091 nec
736 1020 936 1111 rigidi,'nec
954 1020 1077 1114 prisci,
1100 1044 1164 1095 nec
1184 1026 1269 1116 aegi·

305 1145 427 1232 netici;
445 1144 529 1216 nihil
552 1144 711 1238 quadrati
727 1145 880 1238 quidem,
896 1156 898 1161 '
914 1145 1009 1239 quod
1039 1146 1075 1217 in
1107 1147 1268 1242 Polycleti

305 1269 431 1361 signis,
460 1279 546 1341 toste
572 1269 697 1356 Plinio,
716 1269 1035 1364 reprehendebatur
1051 1269 1117 1365 (l).
1149 1272 1270 1365 Neque

303 1413 343 1464 ea
363 1392 547 1465 ambitioso
565 1403 648 1464 sunt
663 1392 842 1487 adspectu,
857 1393 917 1464 sed
931 1393 1077 1488 simplici
1093 1396 1268 1487 majestate

303 1526 337 1587 et
351 1516 568 1608 eddignitate
586 1539 665 1611 qnae
682 1519 834 1589 Deorum
848 1519 1085 1590 auctoritatem
1096 1522 1265 1613 expleret,
1358 1555 1361 1562 ·

303 1647 416 1730 eoque
446 1637 598 1732 pondere
627 1636 721 1728 quod
752 1637 788 1706 in
817 1638 979 1732 Polycleti
1010 1639 1267 1712 desiderabatur

302 1758 465 1853 operibns
491 1756 557 1852 (2).
576 1758 648 1829 Nec
668 1780 709 1829 ea
728 1758 910 1829 simulacra
931 1760 1040 1851 gratib
1059 1770 1119 1831 aut
1133 1779 1136 1787 ’
1149 1761 1267 1856 lepore

302 1903 420 1954 carere
437 1902 540 1969 nomo
563 1879 678 1952 dicere
695 1889 820 1973 potest.
840 1881 912 1952 lmo
926 1903 967 1952 ee
984 1897 1037 1954 est
1052 1882 1089 1953 in
1101 1884 1180 1956 illis
1192 1906 1268 1977 gra-

302 2007 348 2077 tia
371 2018 410 2076 ut
435 2026 506 2076 non
528 2026 603 2075 eam
626 2003 808 2097 quaesitam
826 2006 871 2075 ab
894 2005 1036 2092 artifice,
1066 2007 1127 2079 sed
1144 2020 1265 2103 sponte

300 2139 417 2197 natam
433 2124 565 2197 credas.
581 2126 659 2210 Qno
673 2123 711 2195 fit
728 2120 777 2215 ut,
796 2127 1013 2199 etiamsinon
1034 2128 1108 2222 ipse
1126 2129 1265 2201 Phidias

300 2272 420 2323 senon
439 2250 504 2321 nisi
525 2251 667 2320 numine
692 2259 903 2322 commotum
923 2262 957 2321 et
975 2252 1128 2323 afflatum
1155 2254 1265 2325 labori

303 2375 504 2448 incumbere
532 2396 598 2446 nos
639 2377 840 2462 monuisset,
875 2375 910 2447 id
939 2377 1022 2448 satis
1047 2352 1264 2473 compertum

298 2501 515 2573 haberemus.
548 2498 635 2570 Nam
669 2501 728 2592 qui
760 2509 993 2587 venustatem,
1027 2502 1177 2595 leporem
1204 2511 1265 2573 ant
1303 2475 1316 2492 ⁴
1388 2558 1390 2563 .

168 2655 169 2659 ¹
298 2625 460 2696 eximiam
483 2623 741 2717 expolitamque
755 2623 898 2695 formam
915 2623 1021 2695 nimio
1053 2644 1131 2695 cnm
1149 2625 1264 2697 studio

297 2747 512 2842 persequitur
524 2755 571 2832 et,
585 2755 623 2816 nt
636 2746 683 2815 ita
697 2745 824 2832 dicam,
843 2755 1045 2839 aucupatur,
1064 2768 1143 2818 eum
1160 2747 1196 2817 in
1209 2749 1263 2819 al·

300 2873 458 2944 sectatam
476 2868 726 2962 jucunditatem
746 2881 780 2941 et
805 2869 841 2940 in
862 2869 929 2941 hoc
953 2870 1133 2964 sculpendi
1153 2892 1264 2963 genus

298 2996 394 3089 qnod
415 2996 590 3068 scenicum
608 2995 731 3065 merito
750 3002 945 3083 vocaretur,
961 2993 1113 3067 incidere
1126 3018 1265 3093 necesse

297 3136 349 3192 est
367 3119 431 3215 (4).
451 3121 526 3192 Hoc
553 3128 668 3190 autem
700 3118 846 3204 vitium,
865 3119 928 3189 etsi
949 3106 1137 3192 multorum
1164 3122 1264 3212 juvet
1296 3094 1300 3110 Ι

297 3246 491 3338 ellioialque
507 3245 637 3331 oculos,
657 3242 809 3314 maximd
822 3244 903 3315 cura
914 3244 1115 3336 fugiendum
1128 3257 1200 3334 sst;
1229 3257 1264 3318 et
1360 3258 1364 3268 ‘

306 3373 374 3443 hoc
400 3369 524 3499 vitabip
544 3368 601 3439 ille
616 3366 676 3460 qui
701 3367 811 3439 donec
826 3367 916 3443 adsit
940 3370 1044 3457 Dens,
1071 3369 1201 3442 scilicet
1226 3371 1262 3440 in

334 3608 372 3686 (r)
393 3610 440 3669 0t.
454 3605 570 3667 Miilleri
580 3604 617 3664 de
634 3605 746 3666 Phidiae
757 3607 818 3666 vita
829 3607 992 3668 Comment.
1005 3609 1098 3681 alten,
1111 3629 1140 3688 p.
1152 3609 1200 3667 65.

334 3715 374 3792 (u)
394 3714 481 3785 Ptin,
496 3712 567 3772 llisn
584 3713 661 3786 Nat,
676 3712 808 3786 XXXIV,
823 3714 849 3771 8.
859 3747 898 3757 -
908 3714 1118 3772 Winlrelmann.
1130 3714 1202 3773 Hist.
1216 3717 1256 3776 de

293 3819 374 3891 l'urt,
384 3818 458 3878 trad.
469 3819 518 3887 fr„
535 3831 556 3877 t.
568 3817 646 3878 lt-
657 3820 707 3878 Οἱ.
723 3817 806 3876 liliill.
820 3818 857 3877 de
869 3819 955 3880 Phid.
969 3818 1084 3879 Corum.
1098 3821 1160 3893 alb,
1173 3841 1201 3900 p.
1213 3832 1260 3901 ap.

337 3923 377 4003 (3)
399 3924 518 3999 Quintil.
531 3924 602 3984 lnst.
615 3925 677 3996 0r.,
690 3925 754 3998 Xll,
773 3942 818 3980 ro.

334 4033 374 4109 (l.)
395 4029 581 4092 Themistius.
608 4032 723 4101 Orator,
752 4031 812 4088 25:
833 4030 877 4088 De
896 4029 1021 4089 dicendo
1044 4035 1258 4112 ex‘'tempore:

294 4138 395 4220 Χρόνου
409 4128 439 4214 γε
455 4135 536 4195 tiniec
552 4135 597 4195 καὶ
617 4137 716 4215 σχολῆς
733 4134 851 4203 πλείονος
869 4137 904 4202 εἰς
918 4137 951 4196 τὰ
966 4137 1038 4218 ἔργα.
