3098 5206
691 751 846 801 ..40-

285 873 445 946 Uraniarn
458 885 571 947 autern
591 876 667 946 sive
687 876 863 946 Caelestem
877 875 937 968 qni
953 876 1106 967 sequitur
1122 876 1240 965 Amor,

286 1009 321 1070 ut
347 1010 427 1075 natu
442 999 588 1090 majori,
615 1010 649 1071 el
662 999 840 1094 placidiori
850 998 896 1070 ob
907 999 1114 1079 exstinetam
1117 999 1244 1090 juven·
1370 1099 1377 1110 ·

285 1121 366 1193 tntis
382 1121 554 1206 ardorem,
572 1123 703 1195 numini
728 1133 837 1217 paret,
849 1143 920 1193 oon
934 1141 1079 1215 corpora
1095 1122 1156 1194 aed
1173 1123 1246 1194 eni·

287 1267 361 1319 loos
370 1256 505 1319 amatet
516 1246 673 1340 inprimis
683 1246 816 1319 nobiles
829 1245 1050 1338 maximeque
1059 1245 1248 1336 intelligen-

286 1368 576 1462 tiaeetsapienliae
590 1370 771 1463 participes
784 1369 917 1440 animos
929 1365 994 1462 (l).
1008 1368 1070 1438 Hie
1088 1366 1256 1446 addenda*

285 1493 463 1566 Pausaniae
474 1493 731 1566 verhadieentis
745 1492 871 1564 Thebis
887 1504 957 1562 tren
968 1488 1119 1562 Veneres
1142 1490 1247 1561 lolem

286 1638 365 1710 qlrae
383 1616 473 1689 adeo
496 1625 642 1688 vetustae
670 1626 784 1687 essent
797 1626 836 1686 ut
852 1614 896 1686 ab
910 1614 1109 1699 Harmonia,
1131 1613 1248 1687 Cadmi

285 1738 443 1829 conjuge,
465 1735 633 1810 dedicatae
653 1734 880 1810 traderentur.
904 1734 1034 1807 Harum
1046 1743 1161 1808 autem
1176 1734 1247 1828 pri-

288 1881 355 1947 ma,
373 1858 527 1931 Caelestis
549 1857 699 1946 nomine,
715 1878 839 1949 parurn
848 1854 1061 1947 significabat
1072 1865 1108 1928 ot
1125 1876 1248 1950 eorpo-

287 2004 361 2062 rum
372 1982 556 2074 eupiditate
569 1992 751 2056 vacantem
763 2002 929 2057 aurorem.
948 1981 1063 2053 Altera
1076 1990 1191 2052 autem
1203 1980 1248 2051 ob

289 2125 454 2179 venereos
469 2125 672 2196 congressus
691 2105 869 2198 Popularia
897 2103 1096 2177 vocabatur.
1119 2104 1243 2191 Tertia,

286 2227 525 2322 Aposuophiae
538 2249 662 2303 nomen
686 2228 835 2300 habebat
852 2228 945 2320 qnod
964 2228 1010 2301 ab
1029 2228 1168 2299 incestis
1181 2238 1251 2299 etu-

288 2349 357 2440 pris
375 2347 553 2421 hominum
573 2369 682 2440 genus
697 2358 868 2420 averteret
888 2346 952 2441 (ἢ).
970 2348 1154 2433 aaaron,
1170 2347 1248 2422 Ura-

288 2473 355 2545 niae
368 2472 457 2565 pede
471 2492 587 2564 prosae
607 2471 753 2558 testudo,
775 2471 869 2564 quod
880 2470 974 2563 apud
991 2471 1094 2543 lndoe
1106 2471 1246 2545 ooeleete

286 2596 413 2667 animal
428 2608 478 2666 est
492 2593 557 2688 (3),
573 2595 729 2688 populari
744 2605 859 2667 autem
870 2593 1188 2685 adjunctushirens,
1203 2595 1247 2670 lu·

287 2720 382 2787 selva
395 2718 581 2788 admodum
601 2716 828 2797 ellibidinosa
842 2717 964 2798 bestia,
980 2718 1149 2810 cujusque
1164 2719 1248 2793 Deae

288 2842 437 2914 indolem
451 2853 486 2915 et
504 2853 660 2915 naturam
674 2842 757 2915 eatis
772 2842 969 2916 indicabant
984 2841 1049 2937 (l).

335 2967 442 3058 Igitur
470 2989 577 3060 quum
608 2967 716 3042 menti
741 2967 873 3047 Phidiae
903 2967 993 3044 inter
1022 2970 1139 3062 plures
1164 2968 1246 3040 dna

287 3092 407 3165 saltem
436 3102 653 3164 occurrerent
684 3090 855 3180 Veneres,
875 3092 1079 3186 Popularem
1108 3092 1242 3183 rejeeit‚

276 3213 459 3292 'caman
471 3217 821 3302 contraeoelooatam
834 3216 1038 3302 einematro,
1052 3217 1248 3309 nuptiarum

287 3353 479 3435 expertem,
517 3341 781 3433 animorumque
808 3340 1032 3432 intelligentia
1059 3351 1095 3412 et
1112 3342 1249 3436 sepien-

288 3465 573 3545 terminantium
603 3477 775 3542 amantem
801 3466 921 3558 elegit.
951 3467 1136 3560 Quumque
1158 3472 1250 3536 esset

327 3709 363 3781 (ι)
386 3707 502 3765 Platon.
514 3707 615 3777 Conv.,
632 3725 659 3782 p.
677 3707 739 3762 181.

327 3809 364 3884 (a)
386 3808 510 3867 Pausan.
524 3807 578 3879 ΙΧ,
596 3808 641 3879 ι6,
659 3807 675 3863 3
691 3819 720 3864 et
736 3817 761 3875 t.

327 3916 365 3993 (3)
387 3915 520 3985 Cramer,
534 3914 595 3973 uel.
606 3913 709 3990 antiq„
726 3913 800 3971 trad.
817 3912 865 3980 fn,
883 3926 902 3971 t.
920 3912 961 3983 tl,
977 3930 1005 3987 p.
1023 3910 1090 3967 655.

328 4019 368 4101 (t)
389 4020 538 4080 Plutarch.
554 4019 703 4098 Conjugal
717 4029 865 4100 praecepta
879 4039 885 4073 :
897 4016 1009 4094 steph„
1024 4026 1091 4092 ria,
1103 4017 1139 4087 l)‚'
1151 4017 1250 4077 Οἶκου·
1264 4050 1266 4053 ν

287 4128 344 4203 pia<
356 4124 487 4205 σύμὸολον
497 4134 553 4192 ταῖς
560 4124 660 4203 γυναιξὶ
671 4125 716 4184 καὶ
725 4122 1090 4197 σιωπῆςΧελώνη.-Ριιυ5,,
1103 4124 1151 4194 Vl,
1163 4122 1211 4196 25,
1225 4143 1250 4181 1,
