3098 5206
695 688 853 786 ..ιμ’

294 859 544 952 legumlatoris
563 861 740 954 proprium
757 871 808 932 est
822 857 895 954 (l);
913 860 1031 954 sicque
1050 860 1172 931 iterum
1186 858 1262 931 inti·

241 1034 244 1038 -
292 984 400 1060 uitam
415 986 490 1077 ejus
504 984 712 1056 declaratam
726 985 832 1057 inisse
850 994 1064 1079 potestatem.
1167 1031 1170 1037 ,

339 1107 485 1195 Deindd,
503 1107 599 1178 nulla
612 1106 769 1179 involuta
785 1108 992 1180 vestimento
1007 1107 1165 1202 corporis
1180 1120 1259 1203 pers

272 1253 274 1258 ·
297 1227 456 1323 superior
469 1226 514 1311 ah
532 1226 693 1298 omnibus
709 1227 818 1322 ⁴aspici
834 1238 987 1327 poterat,
1012 1229 1123 1300 velata
1144 1238 1257 1301 autem
1357 1250 1359 1254 '

292 1351 430 1450 depicto
457 1351 585 1439 latebat
602 1372 684 1444 pars
693 1342 844 1440 §ferior
865 1350 986 1445 pallio,
1014 1350 1111 1445 qudd
1128 1361 1257 1439 mente,
1363 1372 1369 1383 ·

293 1497 373 1570 quae
389 1475 552 1548 humanae
571 1485 703 1548 naturae
724 1487 877 1571 pareest
896 1478 1122 1581 praestantior,
1147 1479 1258 1550 Deum

291 1600 507 1695 concipimus
521 1610 555 1697 et
568 1599 916 1690 novimussensilrns
930 1610 1059 1689 autern,
1077 1621 1157 1693 quae
1170 1622 1257 1672 nos-

291 1721 335 1794 tri
359 1743 445 1816 pars¹
460 1735 512 1793 est
533 1722 675 1796 inferior
699 1732 734 1795 et
758 1722 803 1794 ad
830 1723 1003 1815 terrestria
1021 1725 1256 1798 tantummodi

256 1867 258 1871 ·
288 1855 465 1940 spectans,
486 1865 551 1917 nec
571 1847 680 1917 Deum
697 1867 761 1918 nec
776 1846 978 1939 invisibilia,
999 1849 1061 1920 sed
1080 1869 1120 1920 ea
1144 1851 1254 1921 solnm

289 1969 498 2063 percipimus
510 1989 591 2062 quae
608 1969 674 2061 sub
687 1972 807 2042 oculos
824 1971 951 2043 cadunt
969 1971 1033 2067 (ἓ).

342 2092 535 2186 Utrumque
565 2092 627 2163 Dei
657 2091 835 2183 brachium
877 2094 1023 2188 sphinge
1053 2096 1250 2169 Thebanum
1333 2189 1336 2195 ³

245 2218 248 2223 “
290 2237 434 2309 puerum
453 2216 609 2311 rapiente
627 2217 768 2305 fulserat
781 2219 907 2307 artifex
920 2220 986 2312 (3),
1002 2230 1041 2290 ut
1060 2221 1126 2292 hoc
1151 2223 1253 2295 etiam

288 2340 390 2432 signo
416 2341 564 2434 quisquc
587 2341 866 2414 absconditarum
890 2365 1004 2431 rernm
1022 2343 1199 2436 scientiam
1216 2349 1252 2419 in

288 2466 360 2538 ooo
374 2465 525 2548 assidere
543 2465 693 2538 disceret
705 2464 773 2561 (4).

336 2587 375 2658 ln
387 2587 544 2697 parergis
557 2587 707 2680 denique
720 2599 892 2681 sceptrum
907 2610 986 2659 curn
998 2590 1127 2683 aquila,
1143 2573 1252 2664 victo·

288 2711 375 2782 riam
383 2711 523 2806 ,ipsam
542 2733 588 2782 ex
612 2712 769 2784 eboraet
787 2733 894 2799 auro,
915 2725 949 2783 et
967 2735 1132 2802 coronam
1147 2716 1278 2810 capiti¹

283 2836 542 2929 circumjectam
556 2835 736 2909 addiderat
755 2838 908 2910 Phidias.
930 2839 974 2911 At
989 2840 1104 2933 aquila
1121 2842 1172 2911 sol
1193 2854 1251 2911 aut

287 2959 361 3047 lux,
382 2970 442 3033 aut
455 2960 693 3053 intelligentia,
709 2973 769 3033 aut
782 2963 876 3055 regia
891 2975 1052 3056 potestas,
1068 2965 1164 3058 quod
1175 2966 1252 3036 avis

288 3083 346 3155 illa
360 3083 498 3155 sublimi
517 3086 634 3157 uolatu
649 3085 695 3157 ad
707 3085 890 3158 altissimas
900 3110 977 3183 pun
968 3089 1126 3162 aetheris
1139 3092 1252 3183 regio-

289 3230 352 3282 nes
379 3230 455 3282 scse
478 3211 609 3295 ferens,
632 3211 797 3284 ooelornm
824 3213 915 3304 regis
946 3214 1140 3301 haberetur¹
1156 3237 1251 3308 syrn—
1299 3269 1302 3273 .

327 3465 370 3543 (ι)
391 3466 424 3527 Ε.
436 3465 542 3524 David.
558 3467 684 3544 Jupiter,
702 3467 853 3526 recheroh.
867 3480 937 3540 etc„
955 3482 1023 3526 torn.
1041 3468 1086 3536 ll,
1102 3487 1166 3544 pag.
1182 3467 1249 3539 567.

286 3571 418 3634 visconti
430 3614 439 3641 ,
451 3571 527 3632 Mus.
541 3571 605 3633 Pio.
621 3571 776 3645 Clemens,
789 3585 860 3633 tom.
877 3575 900 3646 l,
915 3594 943 3651 p.
961 3595 988 3648 v,
1003 3587 1062 3632 tav.
1082 3593 1127 3631 ro.
1139 3601 1151 3624 ι
1166 3573 1252 3632 stede

287 3678 344 3756 egli
359 3679 441 3757 quasi
456 3679 481 3738 si
496 3678 666 3738 convienea
682 3698 843 3739 sarrano.»
948 3670 951 3675 ’
1060 3656 1066 3665 ’
1105 3667 1109 3677 ’

328 3784 564 3862 (dunfflwtt
1009 3863 1016 3872 ἡ

327 3888 367 3967 (3)
388 3893 513 3952 Pausan.
521 3893 562 3966 V,
580 3913 626 3965 ιι,
643 3912 669 3949 a.
688 3893 750 3951 Ἰῶν
767 3892 898 3951 ποδῶνδὲ
909 3890 1023 3974 ἑκατέρῳ
1002 3915 1089 3951 ωτων
1104 3892 1250 3974 ἔμπροσθεν

288 3995 378 4062 παῖδές
391 4019 420 4054 τε
434 3997 579 4057 ἐπίκεινται
594 3997 748 4070 Θηὸιιίωνι
738 3994 788 4058 υπὸ
802 4020 918 4083 σφιγγων
933 3999 1107 4078 ἡρπασμένοι,
1125 4022 1149 4058 κ.
1165 4023 1190 4057 τ
1205 4000 1229 4057 λ.

327 4102 368 4181 ll)
389 4103 421 4162 Ε.
436 4103 543 4180 David,
561 4105 581 4165 l.
599 4105 626 4174 l.,
641 4125 671 4182 p.
689 4105 754 4182 573.
