3098 5206
691 757 726 768 ...
747 734 784 785 55
805 755 845 770 .-

281 858 343 931 sed
368 857 471 931 viridi
496 867 821 951 senectute-quum
847 858 949 953 plene
979 858 1067 929 toret
1088 856 1241 949 ingenio,

280 984 400 1054 lovem
417 980 677 1071 intelligentem,
693 981 963 1075 omnipotentem
979 989 1013 1051 et
1025 978 1155 1051 bonum
1173 977 1245 1051 edi-

281 1104 345 1189 dit,
361 1127 463 1197 quem
481 1104 594 1175 nullus
607 1126 759 1197 unquam
774 1105 956 1180 aemulatus
972 1113 1035 1174 est.
1065 1179 1073 1200 ⁰

329 1228 369 1300 5⁰
391 1229 436 1300 Ut
460 1237 572 1299 autern
598 1229 748 1325 optima,
774 1229 942 1322 perlecta,
971 1227 1112 1320 Diisque
1137 1227 1244 1323 digua
1340 1291 1343 1296 .

281 1355 391 1426 iurent
408 1373 525 1446 opera,
549 1373 615 1424 non
640 1353 796 1424 mortalia
811 1373 974 1446 corpora,
994 1352 1056 1424 sed
1073 1351 1106 1423 in
1130 1361 1245 1423 ruente

281 1478 417 1572 insitam
431 1487 571 1553 aeternae
585 1475 1009 1571 pulchritudiniselfigiem
1024 1464 1245 1579 eunitempla·
1353 1476 1364 1533 -'
1391 1509 1396 1561 ς

280 1603 394 1692 hatur,
416 1601 526 1673 donee
549 1602 689 1672 nurnine
712 1601 783 1692 jam
800 1600 962 1695 propiore
982 1598 1038 1670 dei
1061 1597 1246 1671 alssatuset

282 1738 485 1816 commotus,
501 1748 618 1798 veram
636 1726 769 1798 videret
781 1737 814 1797 et
826 1725 952 1796 imitari
969 1733 1081 1818 posset
1094 1725 1245 1795 Deorum

283 1851 441 1944 effigiem.
493 1833 496 1839 ’

697 2081 716 2170 5
741 2080 826 2147 vru.

280 2286 474 2363 eomparatur
502 2283 632 2342 Platonis
658 2281 695 2339 de
720 2281 846 2340 Pulchro
881 2281 1015 2339 doctrina
1038 2301 1105 2340 curu
1134 2279 1248 2340 Phtuiae

585 2387 738 2466 sculpendi
759 2386 927 2447 rationibus.

327 2601 590 2673 Recentiuribus
608 2602 709 2672 annis
727 2602 815 2674 adei)
830 2603 1018 2696 explicata,
1046 2602 1245 2689 enucleata,
1273 2673 1276 2679 ,

280 2725 488 2818 vulgataque
512 2726 575 2796 luit
605 2737 675 2795 tum
700 2728 745 2798 ab
770 2726 999 2798 illustrissimo
1021 2726 1245 2819 Dialogorum

278 2851 487 2945 interprete,
518 2861 589 2922 lum
625 2851 932 2924 eruditissimorum
960 2851 1064 2945 operi
1092 2852 1244 2922 virorum

279 2975 430 3046 Platonis
450 2975 496 3046 de
514 2975 644 3047 aeterni
668 2976 920 3070 pulchritudine
942 2976 1110 3061 doctriua,
1125 2986 1164 3047 ut
1184 2976 1248 3046 rni-

280 3100 374 3170 nime
396 3097 487 3170 nove
507 3101 584 3170 luce
609 3099 773 3190 indigeat.
804 3100 964 3170 Attamen
989 3120 1096 3191 quum
1119 3098 1182 3167 nisi
1210 3089 1247 3169 iu'

280 3236 438 3317 promptu
457 3224 515 3307 sit,
535 3225 627 3301 haud
651 3225 749 3297 facile
774 3227 848 3316 ejus
873 3225 1042 3320 doetrinae
1065 3247 1142 3293 curu
1167 3220 1249 3313 Phi-¹
1349 3288 1356 3303 ,

281 3349 387 3420 diaeis
415 3351 504 3421 Deos
536 3347 720 3440 effingendi
754 3348 946 3420 rationibus
976 3347 1106 3418 institui
1140 3347 1248 3446 possit

279 3473 507 3566 comparatiO,
521 3473 628 3543 divini
643 3474 798 3564 magistri
808 3472 848 3544 ei
860 3473 951 3543 dere
962 3472 1085 3565 placita
1097 3470 1248 3541 breviter

280 3618 472 3668 memorare
491 3607 526 3667 et
544 3596 750 3666 adumbrare
771 3597 868 3669 uobis
888 3618 956 3667 uon
976 3595 1112 3666 videtur
1130 3617 1248 3689 super-

280 3707 482 3794 vacaneum.

329 3848 479 3917 Primum
506 3850 541 3918 in
567 3847 727 3937 dialogiS‚
750 3848 859 3917 Deum
881 3847 968 3915 inter
995 3855 1029 3915 et
1054 3844 1247 3915 absolutam

282 3969 570 4062 pulchritudinem
611 3993 654 4042 ne
694 3971 873 4040 minimum
908 3970 1046 4062 quidem
1084 3969 1249 4039 interesse

281 4115 384 4164 nemo
402 4104 453 4164 est
476 4096 534 4186 qui
557 4095 697 4167 nesciat.
725 4094 824 4180 Quod
842 4093 959 4164 ruultis
978 4103 1010 4163 et
1040 4093 1145 4164 variis
1162 4091 1248 4162 lueis
