<?xml version="1.0" encoding="UTF-8"?>
<!DOCTYPE html PUBLIC "-//W3C//DTD XHTML 1.0 Transitional//EN"
    "http://www.w3.org/TR/xhtml1/DTD/xhtml1-transitional.dtd">
<html xmlns="http://www.w3.org/1999/xhtml" xml:lang="en" lang="en">
 <head>
  <title>
</title>
<meta http-equiv="Content-Type" content="text/html;charset=utf-8" />
  <meta name='ocr-system' content='tesseract 3.04.00' />
  <meta name='ocr-capabilities' content='ocr_page ocr_carea ocr_par ocr_line ocrx_word'/>
</head>
<body>
  <div class='ocr_page' id='page_1' title='image "./quidphidiaeplat00lvgoog_0065.png"; bbox 0 0 3098 5206; ppageno 0'>
   <div class='ocr_carea' id='block_1_1' title="bbox 223 753 1375 3824">
    <p class='ocr_par' dir='ltr' id='par_1_1' title="bbox 735 753 893 803">
     <span class='ocr_line' id='line_1_1' title="bbox 735 753 893 803; baseline -0.025 -15"><span class='ocrx_word' id='word_1_1' title='bbox 735 775 776 788; x_wconf 83' lang='grc'>-</span> <span class='ocrx_word' id='word_1_2' title='bbox 796 753 832 803; x_wconf 62' lang='lat'>5⁴</span> <span class='ocrx_word' id='word_1_3' title='bbox 855 775 893 784; x_wconf 76' lang='grc'>.-</span> 
     </span>
    </p>

    <p class='ocr_par' dir='ltr' id='par_1_2' title="bbox 328 879 1291 1096">
     <span class='ocr_line' id='line_1_2' title="bbox 328 879 1291 972; baseline 0.002 -24"><span class='ocrx_word' id='word_1_4' title='bbox 328 889 471 950; x_wconf 75' lang='lat' dir='ltr'>ureteras</span> <span class='ocrx_word' id='word_1_5' title='bbox 496 899 616 952; x_wconf 88' lang='lat' dir='ltr'>omnes</span> <span class='ocrx_word' id='word_1_6' title='bbox 643 879 974 972; x_wconf 76' lang='lat' dir='ltr'>comprehenderent</span> <span class='ocrx_word' id='word_1_7' title='bbox 1002 890 1036 951; x_wconf 88' lang='lat' dir='ltr'>et</span> <span class='ocrx_word' id='word_1_8' title='bbox 1066 880 1139 951; x_wconf 81' lang='lat' dir='ltr'>sine</span> <span class='ocrx_word' id='word_1_9' title='bbox 1165 880 1291 972; x_wconf 83' lang='lat' dir='ltr'>quibus</span> 
     </span>
     <span class='ocr_line' id='line_1_3' title="bbox 328 1002 1008 1096; baseline -0.003 -23"><span class='ocrx_word' id='word_1_10' title='bbox 328 1003 485 1073; x_wconf 87' lang='lat' dir='ltr'>divinum</span> <span class='ocrx_word' id='word_1_11' title='bbox 503 1023 630 1073; x_wconf 91' lang='lat' dir='ltr'>numen</span> <span class='ocrx_word' id='word_1_12' title='bbox 650 1002 779 1073; x_wconf 90' lang='lat' dir='ltr'>nullum</span> <span class='ocrx_word' id='word_1_13' title='bbox 798 1023 873 1073; x_wconf 89' lang='lat' dir='ltr'>esse</span> <span class='ocrx_word' id='word_1_14' title='bbox 890 1002 1008 1096; x_wconf 90' lang='lat' dir='ltr'>possit.</span> 
     </span>
    </p>

    <p class='ocr_par' dir='ltr' id='par_1_3' title="bbox 223 1127 1292 1716">
     <span class='ocr_line' id='line_1_4' title="bbox 321 1127 1292 1221; baseline -0.001 -23"><span class='ocrx_word' id='word_1_15' title='bbox 321 1168 327 1175; x_wconf 91' lang='lat'><strong>·</strong></span> <span class='ocrx_word' id='word_1_16' title='bbox 377 1127 417 1198; x_wconf 67' lang='lat'>4⁰</span> <span class='ocrx_word' id='word_1_17' title='bbox 436 1128 590 1198; x_wconf 84' lang='lat' dir='ltr'>Phidiam</span> <span class='ocrx_word' id='word_1_18' title='bbox 605 1129 754 1199; x_wconf 84' lang='lat' dir='ltr'>Deorum</span> <span class='ocrx_word' id='word_1_19' title='bbox 769 1127 1038 1220; x_wconf 83' lang='lat' dir='ltr'>pulcherrimum</span> <span class='ocrx_word' id='word_1_20' title='bbox 1051 1128 1202 1199; x_wconf 82' lang='lat' dir='ltr'>animum</span> <span class='ocrx_word' id='word_1_21' title='bbox 1219 1127 1292 1221; x_wconf 91' lang='lat' dir='ltr'>pul·</span> 
     </span>
     <span class='ocr_line' id='line_1_5' title="bbox 223 1245 1291 1346; baseline -0.001 -22"><span class='ocrx_word' id='word_1_22' title='bbox 223 1278 225 1282; x_wconf 92' lang='lat'>·</span> <span class='ocrx_word' id='word_1_23' title='bbox 327 1245 496 1327; x_wconf 77' lang='lat' dir='ltr'>cherrimd</span> <span class='ocrx_word' id='word_1_24' title='bbox 508 1252 661 1345; x_wconf 84' lang='lat' dir='ltr'>eorporis</span> <span class='ocrx_word' id='word_1_25' title='bbox 677 1251 890 1345; x_wconf 70' lang='lat' dir='ltr'>expressisse</span> <span class='ocrx_word' id='word_1_26' title='bbox 902 1250 1030 1342; x_wconf 76' lang='lat' dir='ltr'>lormh;</span> <span class='ocrx_word' id='word_1_27' title='bbox 1048 1261 1084 1322; x_wconf 90' lang='lat' dir='ltr'>et</span> <span class='ocrx_word' id='word_1_28' title='bbox 1095 1252 1205 1346; x_wconf 78' lang='lat' dir='ltr'>quium</span> <span class='ocrx_word' id='word_1_29' title='bbox 1217 1252 1291 1323; x_wconf 88' lang='lat' dir='ltr'>sine</span> 
     </span>
     <span class='ocr_line' id='line_1_6' title="bbox 328 1376 1291 1470; baseline -0.001 -24"><span class='ocrx_word' id='word_1_30' title='bbox 328 1377 437 1470; x_wconf 67' lang='lat' dir='ltr'>gratia</span> <span class='ocrx_word' id='word_1_31' title='bbox 456 1388 490 1448; x_wconf 89' lang='lat' dir='ltr'>et</span> <span class='ocrx_word' id='word_1_32' title='bbox 510 1378 630 1468; x_wconf 84' lang='lat' dir='ltr'>vigore</span> <span class='ocrx_word' id='word_1_33' title='bbox 650 1377 778 1446; x_wconf 90' lang='lat' dir='ltr'>nullum</span> <span class='ocrx_word' id='word_1_34' title='bbox 796 1377 839 1446; x_wconf 90' lang='lat' dir='ltr'>sit</span> <span class='ocrx_word' id='word_1_35' title='bbox 859 1376 1055 1469; x_wconf 78' lang='lat' dir='ltr'>pulchrum,</span> <span class='ocrx_word' id='word_1_36' title='bbox 1077 1376 1206 1447; x_wconf 87' lang='lat' dir='ltr'>nullum</span> <span class='ocrx_word' id='word_1_37' title='bbox 1221 1378 1291 1445; x_wconf 86' lang='lat' dir='ltr'>for·</span> 
     </span>
     <span class='ocr_line' id='line_1_7' title="bbox 328 1499 1290 1593; baseline 0.002 -23"><span class='ocrx_word' id='word_1_38' title='bbox 328 1521 459 1572; x_wconf 91' lang='lat' dir='ltr'>mosum</span> <span class='ocrx_word' id='word_1_39' title='bbox 476 1521 615 1593; x_wconf 87' lang='lat' dir='ltr'>eorpus,</span> <span class='ocrx_word' id='word_1_40' title='bbox 635 1501 785 1570; x_wconf 89' lang='lat' dir='ltr'>Deorum</span> <span class='ocrx_word' id='word_1_41' title='bbox 800 1520 943 1592; x_wconf 84' lang='lat' dir='ltr'>corpore</span> <span class='ocrx_word' id='word_1_42' title='bbox 959 1519 1100 1570; x_wconf 87' lang='lat' dir='ltr'>suorum</span> <span class='ocrx_word' id='word_1_43' title='bbox 1117 1499 1164 1569; x_wconf 71' lang='lat' dir='ltr'>it&#39;a</span> <span class='ocrx_word' id='word_1_44' title='bbox 1175 1499 1290 1592; x_wconf 85' lang='lat' dir='ltr'>seulp-</span> 
     </span>
     <span class='ocr_line' id='line_1_8' title="bbox 329 1621 1123 1716; baseline -0.004 -22"><span class='ocrx_word' id='word_1_45' title='bbox 329 1623 413 1695; x_wconf 84' lang='lat' dir='ltr'>sisse</span> <span class='ocrx_word' id='word_1_46' title='bbox 432 1633 469 1694; x_wconf 90' lang='lat' dir='ltr'>ut</span> <span class='ocrx_word' id='word_1_47' title='bbox 489 1644 552 1694; x_wconf 91' lang='lat' dir='ltr'>neo</span> <span class='ocrx_word' id='word_1_48' title='bbox 570 1623 702 1716; x_wconf 84' lang='lat' dir='ltr'>lepore,</span> <span class='ocrx_word' id='word_1_49' title='bbox 726 1644 791 1694; x_wconf 87' lang='lat' dir='ltr'>nee</span> <span class='ocrx_word' id='word_1_50' title='bbox 807 1621 940 1693; x_wconf 89' lang='lat' dir='ltr'>viribus</span> <span class='ocrx_word' id='word_1_51' title='bbox 955 1631 1123 1693; x_wconf 83' lang='lat' dir='ltr'>carerent.</span> 
     </span>
    </p>

    <p class='ocr_par' dir='ltr' id='par_1_4' title="bbox 325 1741 1375 2205">
     <span class='ocr_line' id='line_1_9' title="bbox 377 1741 1292 1841; baseline -0.001 -23"><span class='ocrx_word' id='word_1_52' title='bbox 377 1744 417 1818; x_wconf 79' lang='lat'>5⁰</span> <span class='ocrx_word' id='word_1_53' title='bbox 433 1749 556 1841; x_wconf 78' lang='lat' dir='ltr'>Sisque</span> <span class='ocrx_word' id='word_1_54' title='bbox 570 1753 638 1818; x_wconf 83' lang='lat' dir='ltr'>tam</span> <span class='ocrx_word' id='word_1_55' title='bbox 659 1741 774 1819; x_wconf 90' lang='lat' dir='ltr'>divina</span> <span class='ocrx_word' id='word_1_56' title='bbox 796 1750 946 1819; x_wconf 89' lang='lat' dir='ltr'>Deorum</span> <span class='ocrx_word' id='word_1_57' title='bbox 966 1746 1115 1838; x_wconf 80' lang='lat' dir='ltr'>imagine</span> <span class='ocrx_word' id='word_1_58' title='bbox 1131 1747 1177 1817; x_wconf 74' lang='lat' dir='ltr'>itt</span> <span class='ocrx_word' id='word_1_59' title='bbox 1197 1766 1292 1817; x_wconf 84' lang='lat' dir='ltr'>eom·</span> 
     </span>
     <span class='ocr_line' id='line_1_10' title="bbox 329 1873 1290 1965; baseline -0.004 -21"><span class='ocrx_word' id='word_1_60' title='bbox 329 1873 477 1944; x_wconf 86' lang='lat' dir='ltr'>movisse</span> <span class='ocrx_word' id='word_1_61' title='bbox 499 1873 676 1943; x_wconf 91' lang='lat' dir='ltr'>hominum</span> <span class='ocrx_word' id='word_1_62' title='bbox 698 1882 829 1943; x_wconf 87' lang='lat' dir='ltr'>mentes</span> <span class='ocrx_word' id='word_1_63' title='bbox 848 1881 882 1943; x_wconf 90' lang='lat' dir='ltr'>et</span> <span class='ocrx_word' id='word_1_64' title='bbox 905 1881 1040 1965; x_wconf 82' lang='lat' dir='ltr'>pectora</span> <span class='ocrx_word' id='word_1_65' title='bbox 1062 1880 1100 1939; x_wconf 90' lang='lat' dir='ltr'>ut</span> <span class='ocrx_word' id='word_1_66' title='bbox 1116 1892 1194 1940; x_wconf 91' lang='lat' dir='ltr'>eum</span> <span class='ocrx_word' id='word_1_67' title='bbox 1218 1891 1290 1940; x_wconf 87' lang='lat' dir='ltr'>me-</span> 
     </span>
     <span class='ocr_line' id='line_1_11' title="bbox 325 1991 1375 2095; baseline -0.001 -31"><span class='ocrx_word' id='word_1_68' title='bbox 325 1996 390 2066; x_wconf 84' lang='lat' dir='ltr'>ritd</span> <span class='ocrx_word' id='word_1_69' title='bbox 426 2002 572 2088; x_wconf 82' lang='lat' dir='ltr'>receptae</span> <span class='ocrx_word' id='word_1_70' title='bbox 605 1993 734 2085; x_wconf 85' lang='lat' dir='ltr'>aliquid</span> <span class='ocrx_word' id='word_1_71' title='bbox 767 1993 934 2084; x_wconf 78' lang='lat' dir='ltr'>adjecisse</span> <span class='ocrx_word' id='word_1_72' title='bbox 970 1991 1128 2086; x_wconf 82' lang='lat' dir='ltr'>religioni</span> <span class='ocrx_word' id='word_1_73' title='bbox 1162 1993 1291 2064; x_wconf 84' lang='lat' dir='ltr'>dixerit</span> <span class='ocrx_word' id='word_1_74' title='bbox 1372 2084 1375 2095; x_wconf 29' lang='grc' dir='ltr'>Ι</span> 
     </span>
     <span class='ocr_line' id='line_1_12' title="bbox 326 2119 1070 2205; baseline -0.001 -15"><span class='ocrx_word' id='word_1_75' title='bbox 326 2119 567 2205; x_wconf 82' lang='lat' dir='ltr'>Quintilianus.</span> <span class='ocrx_word' id='word_1_76' title='bbox 924 2172 926 2177; x_wconf 83' lang='lat'>-</span> <span class='ocrx_word' id='word_1_77' title='bbox 1067 2191 1070 2196; x_wconf 76' lang='grc'><strong><em>,</em></strong></span> 
     </span>
    </p>

    <p class='ocr_par' dir='ltr' id='par_1_5' title="bbox 317 2242 1358 2831">
     <span class='ocr_line' id='line_1_13' title="bbox 375 2242 1358 2338; baseline -0.002 -23"><span class='ocrx_word' id='word_1_78' title='bbox 375 2243 442 2315; x_wconf 90' lang='lat' dir='ltr'>Sed</span> <span class='ocrx_word' id='word_1_79' title='bbox 465 2243 534 2338; x_wconf 78' lang='lat' dir='ltr'>quh</span> <span class='ocrx_word' id='word_1_80' title='bbox 560 2243 634 2331; x_wconf 78' lang='lat' dir='ltr'>viu,</span> <span class='ocrx_word' id='word_1_81' title='bbox 665 2243 733 2337; x_wconf 77' lang='lat' dir='ltr'>qut</span> <span class='ocrx_word' id='word_1_82' title='bbox 766 2244 922 2337; x_wconf 67' lang='lat' dir='ltr'>ratione„</span> <span class='ocrx_word' id='word_1_83' title='bbox 947 2245 1084 2336; x_wconf 80' lang='lat' dir='ltr'>quhqne</span> <span class='ocrx_word' id='word_1_84' title='bbox 1112 2242 1291 2338; x_wconf 76' lang='lat' dir='ltr'>disciplinh</span> <span class='ocrx_word' id='word_1_85' title='bbox 1352 2269 1358 2278; x_wconf 93' lang='lat'><strong>·</strong></span> 
     </span>
     <span class='ocr_line' id='line_1_14' title="bbox 327 2364 999 2460; baseline -0.013 -15"><span class='ocrx_word' id='word_1_86' title='bbox 327 2364 419 2445; x_wconf 78' lang='lat' dir='ltr'>huno</span> <span class='ocrx_word' id='word_1_87' title='bbox 438 2368 548 2460; x_wconf 81' lang='lat' dir='ltr'>attigit</span> <span class='ocrx_word' id='word_1_88' title='bbox 566 2366 667 2438; x_wconf 89' lang='lat' dir='ltr'>finem</span> <span class='ocrx_word' id='word_1_89' title='bbox 688 2368 832 2457; x_wconf 84' lang='lat' dir='ltr'>insignis</span> <span class='ocrx_word' id='word_1_90' title='bbox 849 2368 999 2439; x_wconf 81' lang='lat' dir='ltr'>artifex?</span> 
     </span>
     <span class='ocr_line' id='line_1_15' title="bbox 317 2488 1288 2583; baseline 0.006 -28"><span class='ocrx_word' id='word_1_91' title='bbox 317 2546 325 2555; x_wconf 83' lang='grc'><em>.</em></span> <span class='ocrx_word' id='word_1_92' title='bbox 378 2491 416 2562; x_wconf 80' lang='lat'>1⁰</span> <span class='ocrx_word' id='word_1_93' title='bbox 438 2491 589 2562; x_wconf 89' lang='lat' dir='ltr'>Primum</span> <span class='ocrx_word' id='word_1_94' title='bbox 609 2488 753 2561; x_wconf 82' lang='lat' dir='ltr'>athletas</span> <span class='ocrx_word' id='word_1_95' title='bbox 778 2489 930 2583; x_wconf 74' lang='lat' dir='ltr'>Ageladh</span> <span class='ocrx_word' id='word_1_96' title='bbox 948 2491 1035 2562; x_wconf 86' lang='lat' dir='ltr'>duee</span> <span class='ocrx_word' id='word_1_97' title='bbox 1058 2502 1092 2562; x_wconf 92' lang='lat' dir='ltr'>et</span> <span class='ocrx_word' id='word_1_98' title='bbox 1110 2491 1288 2582; x_wconf 79' lang='lat' dir='ltr'>magistro,</span> 
     </span>
     <span class='ocr_line' id='line_1_16' title="bbox 327 2607 1291 2710; baseline -0.005 -22"><span class='ocrx_word' id='word_1_99' title='bbox 327 2617 468 2710; x_wconf 81' lang='lat' dir='ltr'>pulchra</span> <span class='ocrx_word' id='word_1_100' title='bbox 490 2607 619 2685; x_wconf 84' lang='lat' dir='ltr'>scilieet</span> <span class='ocrx_word' id='word_1_101' title='bbox 641 2613 701 2684; x_wconf 90' lang='lat' dir='ltr'>sed</span> <span class='ocrx_word' id='word_1_102' title='bbox 724 2613 844 2703; x_wconf 71' lang='lat' dir='ltr'>vigore</span> <span class='ocrx_word' id='word_1_103' title='bbox 866 2615 975 2704; x_wconf 78' lang='lat' dir='ltr'>magis</span> <span class='ocrx_word' id='word_1_104' title='bbox 1001 2615 1104 2707; x_wconf 80' lang='lat' dir='ltr'>quhm</span> <span class='ocrx_word' id='word_1_105' title='bbox 1129 2615 1291 2707; x_wconf 72' lang='lat' dir='ltr'>praesenti</span> 
     </span>
     <span class='ocr_line' id='line_1_17' title="bbox 327 2734 1242 2831; baseline -0.003 -22"><span class='ocrx_word' id='word_1_106' title='bbox 327 2746 440 2810; x_wconf 91' lang='lat' dir='ltr'>mente</span> <span class='ocrx_word' id='word_1_107' title='bbox 459 2748 492 2808; x_wconf 89' lang='lat' dir='ltr'>et</span> <span class='ocrx_word' id='word_1_108' title='bbox 508 2737 611 2807; x_wconf 80' lang='lat' dir='ltr'>enimi</span> <span class='ocrx_word' id='word_1_109' title='bbox 630 2734 768 2808; x_wconf 88' lang='lat' dir='ltr'>dotibus</span> <span class='ocrx_word' id='word_1_110' title='bbox 782 2757 926 2830; x_wconf 83' lang='lat' dir='ltr'>corpora</span> <span class='ocrx_word' id='word_1_111' title='bbox 940 2737 1081 2831; x_wconf 89' lang='lat' dir='ltr'>sculpsit</span> <span class='ocrx_word' id='word_1_112' title='bbox 1094 2736 1242 2808; x_wconf 84' lang='lat' dir='ltr'>Phidias.</span> 
     </span>
    </p>

    <p class='ocr_par' dir='ltr' id='par_1_6' title="bbox 326 2836 1290 3078">
     <span class='ocr_line' id='line_1_18' title="bbox 375 2836 1290 2952; baseline 0.001 -23"><span class='ocrx_word' id='word_1_113' title='bbox 375 2857 414 2929; x_wconf 73' lang='lat'>2⁰</span> <span class='ocrx_word' id='word_1_114' title='bbox 430 2857 621 2931; x_wconf 85' lang='lat' dir='ltr'>Minervam</span> <span class='ocrx_word' id='word_1_115' title='bbox 642 2858 765 2930; x_wconf 76' lang='lat' dir='ltr'>deinde</span> <span class='ocrx_word' id='word_1_116' title='bbox 787 2859 847 2930; x_wconf 88' lang='lat' dir='ltr'>sed</span> <span class='ocrx_word' id='word_1_117' title='bbox 868 2868 1026 2948; x_wconf 81' lang='lat' dir='ltr'>agentem</span> <span class='ocrx_word' id='word_1_118' title='bbox 1048 2836 1234 2952; x_wconf 77' lang='lat' dir='ltr'>praesertim</span> <span class='ocrx_word' id='word_1_119' title='bbox 1256 2841 1290 2932; x_wconf 83' lang='lat' dir='ltr'>et</span> 
     </span>
     <span class='ocr_line' id='line_1_19' title="bbox 326 2984 834 3078; baseline -0.006 -21"><span class='ocrx_word' id='word_1_120' title='bbox 326 2984 448 3057; x_wconf 82' lang='lat' dir='ltr'>bellich</span> <span class='ocrx_word' id='word_1_121' title='bbox 462 2984 496 3055; x_wconf 90' lang='lat' dir='ltr'>vi</span> <span class='ocrx_word' id='word_1_122' title='bbox 514 2984 691 3078; x_wconf 76' lang='lat' dir='ltr'>praeditam</span> <span class='ocrx_word' id='word_1_123' title='bbox 706 2984 834 3056; x_wconf 84' lang='lat' dir='ltr'>effecit.</span> 
     </span>
    </p>

    <p class='ocr_par' dir='ltr' id='par_1_7' title="bbox 327 3099 1346 3676">
     <span class='ocr_line' id='line_1_20' title="bbox 377 3099 1346 3198; baseline 0.003 -22"><span class='ocrx_word' id='word_1_124' title='bbox 377 3101 417 3176; x_wconf 88' lang='grc'>30</span> <span class='ocrx_word' id='word_1_125' title='bbox 436 3108 549 3192; x_wconf 84' lang='lat' dir='ltr'>Quum</span> <span class='ocrx_word' id='word_1_126' title='bbox 575 3109 646 3198; x_wconf 86' lang='lat' dir='ltr'>jam</span> <span class='ocrx_word' id='word_1_127' title='bbox 674 3107 807 3178; x_wconf 78' lang='lat' dir='ltr'>maturd</span> <span class='ocrx_word' id='word_1_128' title='bbox 836 3119 926 3178; x_wconf 89' lang='lat' dir='ltr'>esset</span> <span class='ocrx_word' id='word_1_129' title='bbox 953 3118 1072 3194; x_wconf 82' lang='lat' dir='ltr'>estate,</span> <span class='ocrx_word' id='word_1_130' title='bbox 1099 3109 1289 3180; x_wconf 84' lang='lat' dir='ltr'>Minervam</span> <span class='ocrx_word' id='word_1_131' title='bbox 1344 3099 1346 3106; x_wconf 71' lang='grc'><strong>’</strong></span> 
     </span>
     <span class='ocr_line' id='line_1_21' title="bbox 328 3226 1290 3329; baseline 0.001 -26"><span class='ocrx_word' id='word_1_132' title='bbox 328 3231 539 3324; x_wconf 81' lang='lat' dir='ltr'>excogitavit</span> <span class='ocrx_word' id='word_1_133' title='bbox 552 3231 586 3304; x_wconf 94' lang='lat' dir='ltr'>in</span> <span class='ocrx_word' id='word_1_134' title='bbox 605 3226 818 3304; x_wconf 82' lang='lat' dir='ltr'>Parthenone</span> <span class='ocrx_word' id='word_1_135' title='bbox 830 3233 1024 3304; x_wconf 83' lang='lat' dir='ltr'>dedicatam</span> <span class='ocrx_word' id='word_1_136' title='bbox 1043 3263 1051 3303; x_wconf 74' lang='grc' dir='ltr'>ι</span> <span class='ocrx_word' id='word_1_137' title='bbox 1069 3233 1157 3305; x_wconf 84' lang='lat' dir='ltr'>hane</span> <span class='ocrx_word' id='word_1_138' title='bbox 1176 3243 1290 3329; x_wconf 84' lang='lat' dir='ltr'>auteur</span> 
     </span>
     <span class='ocr_line' id='line_1_22' title="bbox 327 3354 1291 3455; baseline -0.001 -28"><span class='ocrx_word' id='word_1_139' title='bbox 327 3355 494 3449; x_wconf 82' lang='lat' dir='ltr'>sepientid</span> <span class='ocrx_word' id='word_1_140' title='bbox 519 3365 554 3426; x_wconf 88' lang='lat' dir='ltr'>et</span> <span class='ocrx_word' id='word_1_141' title='bbox 583 3354 784 3449; x_wconf 66' lang='lat' dir='ltr'>prudentie,</span> <span class='ocrx_word' id='word_1_142' title='bbox 818 3357 1039 3450; x_wconf 67' lang='lat' dir='ltr'>meximeque</span> <span class='ocrx_word' id='word_1_143' title='bbox 1067 3355 1291 3455; x_wconf 70' lang='lat' dir='ltr'>intelligentie</span> 
     </span>
     <span class='ocr_line' id='line_1_23' title="bbox 328 3479 1290 3575; baseline 0.001 -26"><span class='ocrx_word' id='word_1_144' title='bbox 328 3501 395 3550; x_wconf 92' lang='lat' dir='ltr'>non</span> <span class='ocrx_word' id='word_1_145' title='bbox 417 3479 533 3550; x_wconf 89' lang='lat' dir='ltr'>minus</span> <span class='ocrx_word' id='word_1_146' title='bbox 551 3501 655 3572; x_wconf 82' lang='lat' dir='ltr'>quem</span> <span class='ocrx_word' id='word_1_147' title='bbox 672 3480 797 3572; x_wconf 81' lang='lat' dir='ltr'>egendi</span> <span class='ocrx_word' id='word_1_148' title='bbox 821 3491 855 3550; x_wconf 91' lang='lat' dir='ltr'>et</span> <span class='ocrx_word' id='word_1_149' title='bbox 873 3481 1036 3552; x_wconf 88' lang='lat' dir='ltr'>vincendi</span> <span class='ocrx_word' id='word_1_150' title='bbox 1056 3482 1204 3575; x_wconf 80' lang='lat' dir='ltr'>potentih</span> <span class='ocrx_word' id='word_1_151' title='bbox 1230 3505 1290 3551; x_wconf 84' lang='lat' dir='ltr'>vu·</span> 
     </span>
     <span class='ocr_line' id='line_1_24' title="bbox 327 3600 712 3676; baseline 0.005 -4"><span class='ocrx_word' id='word_1_152' title='bbox 327 3604 450 3675; x_wconf 89' lang='lat' dir='ltr'>lentem</span> <span class='ocrx_word' id='word_1_153' title='bbox 466 3600 577 3676; x_wconf 92' lang='lat' dir='ltr'>videri</span> <span class='ocrx_word' id='word_1_154' title='bbox 591 3605 712 3676; x_wconf 89' lang='lat' dir='ltr'>voluit.</span> 
     </span>
    </p>

    <p class='ocr_par' dir='ltr' id='par_1_8' title="bbox 376 3721 1290 3824">
     <span class='ocr_line' id='line_1_25' title="bbox 376 3721 1290 3824; baseline 0.011 -27"><span class='ocrx_word' id='word_1_155' title='bbox 376 3727 416 3797; x_wconf 77' lang='lat' dir='ltr'>l⁰</span> <span class='ocrx_word' id='word_1_156' title='bbox 430 3729 578 3801; x_wconf 82' lang='lat' dir='ltr'>Tandem</span> <span class='ocrx_word' id='word_1_157' title='bbox 595 3730 693 3802; x_wconf 84' lang='lat' dir='ltr'>exsul</span> <span class='ocrx_word' id='word_1_158' title='bbox 708 3731 800 3823; x_wconf 87' lang='lat' dir='ltr'>upud</span> <span class='ocrx_word' id='word_1_159' title='bbox 814 3731 915 3802; x_wconf 85' lang='lat' dir='ltr'>Eleos</span> <span class='ocrx_word' id='word_1_160' title='bbox 930 3721 996 3824; x_wconf 68' lang='lat' dir='ltr'>(ll,</span> <span class='ocrx_word' id='word_1_161' title='bbox 1014 3752 1123 3802; x_wconf 87' lang='lat' dir='ltr'>senex</span> <span class='ocrx_word' id='word_1_162' title='bbox 1138 3730 1290 3823; x_wconf 84' lang='lat' dir='ltr'>quidem,</span> 
     </span>
    </p>
   </div>
   <div class='ocr_carea' id='block_1_2' title="bbox 326 4008 1291 4215">
    <p class='ocr_par' dir='ltr' id='par_1_9' title="bbox 326 4008 1291 4215">
     <span class='ocr_line' id='line_1_26' title="bbox 370 4008 1291 4089; baseline 0.005 -25"><span class='ocrx_word' id='word_1_163' title='bbox 370 4009 408 4085; x_wconf 68' lang='lat' dir='ltr'>(r)</span> <span class='ocrx_word' id='word_1_164' title='bbox 431 4008 597 4068; x_wconf 82' lang='lat' dir='ltr'>Philorhor.</span> <span class='ocrx_word' id='word_1_165' title='bbox 616 4011 644 4066; x_wconf 91' lang='lat' dir='ltr'>in</span> <span class='ocrx_word' id='word_1_166' title='bbox 668 4011 764 4071; x_wconf 78' lang='lat' dir='ltr'>Schol.</span> <span class='ocrx_word' id='word_1_167' title='bbox 787 4009 823 4069; x_wconf 85' lang='lat' dir='ltr'>ed</span> <span class='ocrx_word' id='word_1_168' title='bbox 844 4009 1115 4089; x_wconf 74' lang='lat' dir='ltr'>Aristophl‘ncem,</span> <span class='ocrx_word' id='word_1_169' title='bbox 1131 4032 1157 4070; x_wconf 85' lang='lat' dir='ltr'>v.</span> <span class='ocrx_word' id='word_1_170' title='bbox 1173 4011 1239 4069; x_wconf 79' lang='lat'><strong>605.</strong></span> <span class='ocrx_word' id='word_1_171' title='bbox 1253 4044 1291 4055; x_wconf 84' lang='lat'>·—</span> 
     </span>
     <span class='ocr_line' id='line_1_27' title="bbox 326 4113 1147 4215; baseline 0.005 -45"><span class='ocrx_word' id='word_1_172' title='bbox 326 4113 473 4185; x_wconf 81' lang='lat' dir='ltr'>Qrmtrem.</span> <span class='ocrx_word' id='word_1_173' title='bbox 485 4113 523 4172; x_wconf 85' lang='lat' dir='ltr'>de</span> <span class='ocrx_word' id='word_1_174' title='bbox 538 4115 664 4191; x_wconf 84' lang='lat' dir='ltr'>Quincy‚</span> <span class='ocrx_word' id='word_1_175' title='bbox 679 4117 747 4194; x_wconf 83' lang='lat' dir='ltr'>dup.</span> <span class='ocrx_word' id='word_1_176' title='bbox 758 4115 950 4215; x_wconf 52' lang='lat' dir='ltr'>Olymp3Vid.</span> <span class='ocrx_word' id='word_1_177' title='bbox 963 4119 1060 4194; x_wconf 77' lang='lat' dir='ltr'>suprh,</span> <span class='ocrx_word' id='word_1_178' title='bbox 1078 4117 1110 4195; x_wconf 87' lang='lat' dir='ltr'>p.&#39;</span> <span class='ocrx_word' id='word_1_179' title='bbox 1120 4117 1147 4174; x_wconf 81' lang='lat'>6.</span> 
     </span>
    </p>
   </div>
   <div class='ocr_carea' id='block_1_3' title="bbox 0 0 1554 5206">
    <p class='ocr_par' dir='ltr' id='par_1_10' title="bbox 0 0 1554 5206">
     <span class='ocr_line' id='line_1_28' title="bbox 0 0 1554 5206; baseline 0 0"><span class='ocrx_word' id='word_1_180' title='bbox 0 0 1554 5206; x_wconf 95' lang='lat' dir='ltr'> </span> 
     </span>
    </p>
   </div>
  </div>
 </body>
</html>
