3098 5206
689 784 846 834 ..40-

286 932 391 1005 quem
403 911 436 981 in
446 909 741 1004 SeiadeSparlana
753 911 1007 983 Lecedaemonii
1021 912 1176 984 coiebant
1185 914 1216 1004 (1
1225 912 1250 1006 );

290 1056 354 1107 nee
367 1033 590 1129 Apomyium
608 1033 642 1104 id
658 1044 709 1106 esi
725 1055 862 1107 mesces
880 1034 1068 1123 amentem,
1083 1039 1138 1108 eui
1156 1059 1252 1108 secra

290 1159 462 1232 iaciebant
473 1159 545 1231 Elei
561 1158 629 1255 (2),
641 1161 699 1232 sed
713 1160 835 1234 lovem
848 1182 928 1233 eum
944 1158 1090 1248 effinxit,
1106 1160 1140 1232 in
1155 1165 1253 1253 cujus

189 1342 196 1356 .
292 1284 435 1355 numine
457 1303 577 1354 omnes
591 1283 642 1382 iili
661 1285 778 1356 caeteri
795 1285 900 1358 loves
922 1296 1084 1377 tanquam
1103 1285 1250 1356 'involuti

289 1405 559 1478 continerentur.
573 1406 797 1500 Namquequi
808 1394 958 1503 sepiens,
971 1409 1255 1500 petensetbonus

288 1540 367 1617 esi,v
392 1530 423 1600 is
449 1530 617 1623 quidquid
643 1530 843 1602 hominibus
870 1530 1038 1623 optimum
1066 1542 1117 1603 est
1144 1530 1249 1613 dare,
1305 1509 1310 1520 ¹

288 1653 460 1747 quidquid
473 1655 602 1726 maium
616 1675 745 1742 arcere,
761 1655 878 1726 omnia
889 1653 1042 1748 denique
1050 1655 1252 1748 praevidere,

287 1799 410 1871 regere
437 1788 472 1850 et
497 1776 869 1849 administrare'valet.
907 1777 1060 1870 Exque
1099 1780 1254 1873 sequitur

233 1910 236 1916 '
288 1900 411 1973 lovem
428 1899 640 1995 Olympium,
657 1899 704 1972 ita
723 1901 971 1993 excogitatum,
989 1901 1120 1973 etiamsi
1136 1902 1172 1974 id
1184 1924 1252 1974 non

289 2023 535 2117 significaverit
554 2025 692 2112 artifex,
715 2027 899 2118 Agoraeum
916 2035 1043 2117 temen,
1057 2027 1249 2113 Herceum,

213 2163 216 2169 ·
288 2147 531 2237 Eudamum,
563 2148 843 2243 Apomyiumque
876 2148 1008 2237 fuisse,
1039 2155 1253 2242 caeterasque

289 2294 410 2346 omnes
426 2296 509 2370 quae
524 2286 605 2347 suni
617 2274 804 2368 majestatis
819 2274 950 2345 divinae
961 2272 1124 2345 habuisse
1137 2272 1248 2346 dotes.

337 2398 457 2492 Itaque
469 2399 555 2470 nihil
572 2398 666 2470 eliud
680 2398 746 2469 nisi
761 2418 802 2470 ea
816 2399 976 2491 quaejam
992 2397 1137 2468 inieris
1155 2396 1251 2467 vultu

290 2543 455 2616 expressa
478 2521 777 2617 deprehendimus,
798 2544 862 2594 nee
884 2523 919 2592 in
944 2522 1068 2594 vestitu
1094 2521 1168 2609 Dei,
1189 2541 1253 2593 nec

265 2689 268 2697 -
292 2645 327 2716 in
347 2644 482 2732 habitu,
502 2667 568 2719 nee
583 2645 618 2715 in
633 2646 740 2740 ipsius
754 2645 926 2717 simulacri
939 2623 1095 2740 perergis
1109 2644 1252 2716 indicari

289 2769 428 2841 Phidias
442 2770 609 2842 voluerat.

335 2894 487 2965 Primirm
511 2894 603 2966 enim
622 2895 964 2968 animadvertendum
987 2905 1039 2967 est
1064 2917 1133 2966 non
1157 2904 1252 2966 stan-

292 3028 373 3104 tem,
395 3018 456 3091 sed
478 3019 655 3092 sedentem
675 3019 709 3091 in
728 3022 817 3093 solio
838 3021 1053 3115 exsculptum
1073 3020 1177 3091 fuisse
1190 3019 1252 3090 Jo-

284 3164 364 3214 vem
383 3143 578 3238 Olympium
603 3143 666 3240 (3),
696 3145 792 3238 quod
820 3145 923 3238 regis,
947 3145 1074 3235 judicis
1102 3165 1249 3215 necnon

328 3505 366 3581 (r)
389 3502 474 3575 ibid,
484 3503 534 3574 ΙΙΙ,
548 3505 595 3578 ι3,
609 3505 636 3559 8.

330 3609 371 3688 (a)
393 3609 491 3680 Pane..
501 3610 537 3686 V,
551 3617 597 3679 14,
616 3629 642 3668 1.
655 3609 730 3671 Φασὶ
742 3605 905 3691 δὲἯρακλιῖ
915 3613 954 3690 τῷ
964 3608 1112 3687 Ἀλκμήνης
1123 3605 1211 3666 θύοντι
1222 3608 1248 3664 ἐν
1333 3633 1335 3638 ·

284 3712 422 3805 Ὀλυμπίᾳ
445 3715 477 3774 δι’
494 3713 576 3795 ὄχλου
593 3715 710 3794 μάλιστα
728 3715 850 3796 γενέσθαι
870 3715 916 3784 τὰς
937 3716 1023 3794 μυίας·
1045 3710 1181 3795 ἐξευρόντα
1203 3704 1248 3771 οὖν

285 3818 363 3880 αὐτὸν
379 3819 397 3894 ἢ
413 3818 460 3881 καὶ
475 3823 519 3881 ὑπ’
533 3807 615 3882 ἄλλον
626 3821 782 3901 διδαχθέντα
794 3820 930 3902 Ἀπομυίῳ
947 3825 1024 3880 θῦσαι
1040 3819 1092 3893 Διί,
1111 3818 1156 3878 καὶ
1167 3816 1248 3886 οὕτως

284 3926 469 4006 ἀποτραπῆναι
484 3923 625 4006 τὰςμυίας
639 3926 721 4008 πέραν
739 3932 784 3987 τοῦ
801 3925 929 4008 Ἀλφειοῦ.
1001 3982 1004 3986 .

324 4027 366 4110 (3)
387 4032 509 4092 Pausan.
524 4033 559 4104 V,
577 4054 623 4104 rr,
643 4053 667 4093 1.
685 4030 829 4102 Καθέζεται
848 4029 939 4111 μὲνδὴ
955 4033 969 4090 ὃ
985 4031 1039 4098 θεὸς
1054 4032 1080 4089 ἐν
1090 4029 1173 4113 θρόνῳ
1183 4029 1248 4111 χρύ-

284 4141 332 4195 seii
348 4135 523 4214 πεποιηυένος
539 4139 581 4197 καὶ
601 4138 746 4218 ἐλέφαντος.
850 4167 851 4170 “
1260 4170 1262 4174 ⁴
