3098 5206
666 778 805 826 ..7-

261 906 331 978 toni
351 907 466 998 igitur,
481 906 541 976 ubi
558 904 599 977 eh
615 906 678 977 fuit
694 898 797 978 aetate
814 901 883 997 qud
903 925 957 975 res
975 903 1113 975 attentis
1127 905 1223 998 aspi·
1251 939 1253 943 ·
1281 1004 1283 1008 Α

259 1053 336 1104 cere
362 1030 542 1125 incipimus
563 1030 692 1116 neniis,
709 1029 857 1124 primdm
874 1028 908 1098 in
928 1028 1093 1103 Minervae
1108 1031 1222 1117 uultu,v

261 1155 387 1229 deindh
403 1156 440 1226 in
453 1156 548 1227 Iovis
564 1168 625 1228 oro
638 1155 745 1248 (quod
758 1156 787 1226 si
804 1155 883 1247 quis
900 1153 992 1225 diem
1009 1161 1088 1224 ante
1105 1174 1247 1248 supra-³

261 1301 354 1352 mum
379 1301 448 1351 non
472 1279 623 1352 invisere
640 1279 824 1372 potuisset,
845 1277 1058 1348 miserrimus
1074 1278 1225 1350 habeba

263 1402 1225 1496 tur),impressadivininuminismajestasetpulnhritndo

262 1528 399 1599 obviam
422 1528 574 1622 quodam
605 1529 711 1602 modo
733 1536 811 1600 sese
840 1526 979 1599 obtulit.
1009 1529 1224 1623 Quapropter
1346 1601 1349 1606 .

262 1649 406 1723 intuenti
419 1652 504 1723 mihi
520 1652 648 1743 quibus
662 1651 706 1722 sit
727 1660 828 1722 natus
841 1662 877 1723 et
890 1652 1081 1723 adoleverit
1094 1654 1225 1747 tempo-

261 1776 356 1847 ribus
368 1776 593 1875 philosophus
615 1779 684 1867 ille,
702 1777 798 1870 quod
815 1777 859 1848 ad
875 1799 1021 1849 summae
1036 1777 1225 1870 pulchritu-

259 1900 350 1972 dinis
374 1901 527 1975 studium
548 1912 582 1974 et
596 1877 773 1975 scientiam
793 1902 929 1989 attinet,
953 1902 1045 1973 hunc
1065 1901 1086 1972 ὲ
1104 1900 1224 2002 Pnida

261 2048 332 2100 non
350 2047 450 2098 senus
468 2048 510 2098 ae
526 2035 669 2098 caeteros
683 2027 835 2113 Graeoos,
855 2027 1040 2098 educatum
1056 2037 1090 2098 et
1112 2025 1228 2098 erudi-

197 2247 200 2254 ·
261 2161 337 2223 tum
352 2152 469 2234 inisse,
487 2150 583 2221 salva
597 2151 746 2222 Socratis
757 2151 911 2241 magistri
926 2150 1040 2238 laude,
1058 2151 1149 2222 haud
1164 2151 1228 2223 du-

259 2274 359 2345 bium
372 2274 486 2345 visum
500 2285 564 2345 est.
581 2273 681 2357 Quod
693 2282 821 2362 autem,
836 2254 898 2344 cui
908 2294 972 2366 pro
986 2255 1228 2344 oerto‘teneam

228 2389 230 2391 ’
262 2396 297 2467 in
311 2398 414 2490 plano
428 2417 559 2490 ponere
572 2396 738 2468 conabor.

709 2647 779 2736 51.

393 2877 471 2946 Quas
488 2876 634 2953 praecipuo
646 2874 787 2953 imagines
797 2875 945 2933 effinxerit
959 2874 1090 2934 Phidias.

316 3094 359 3165 Ut
376 3094 534 3190 Hippiam
548 3067 744 3165 omittamus
761 3095 806 3166 de
823 3116 892 3188 quo
908 3094 1001 3187 apud
1019 3095 1132 3164 solnm
1150 3093 1231 3164 Dio-

266 3239 344 3288 nem
359 3216 639 3313 chrysostomum
654 3229 688 3290 et
702 3220 807 3290 semel
823 3217 952 3290 tantirm
967 3218 1096 3290 mentio
1111 3217 1175 3312 fit(
1201 3219 1227 3311 )‚

265 3342 467 3434 magistrum
489 3343 613 3445 hahuit
628 3343 766 3414 Phidias
783 3343 970 3435 Ageladam
991 3355 1050 3414 ant
1069 3342 1230 3412 Gelndam

264 3467 433 3559 Argivum
452 3453 524 3562 (ἢ),
544 3467 804 3539 celeberrimum
830 3465 1014 3555 artificem,
1041 3467 1138 3556 cujus
1162 3463 1230 3535 Po·

264 3591 425 3684 lynietnm
446 3599 481 3662 et
498 3591 689 3684 Myronem,
712 3587 844 3661 Phidiae
862 3591 1027 3683 aequales,
1053 3599 1138 3660 teste
1163 3588 1230 3658 Pti-

305 3821 344 3899 (ι)
367 3825 448 3881 Orat.
471 3822 530 3895 LV,
548 3823 592 3878 De
617 3824 744 3880 Homero
764 3832 793 3877 et
811 3821 941 3898 Socrate,
954 3841 982 3898 p.
1000 3821 1077 3879 558:
1099 3817 1231 3900 «Ὥσπερ

264 3926 375 3993 Φειδίας
389 3927 437 4004 μὲν
452 3930 466 3985 δ
480 3924 692 4004 ἀγαλματοποιὸς
708 3923 865 3985 Ἱππίου-
881 3924 1035 4004 (μαθητής).

305 4030 343 4114 (a)
364 4034 424 4092 Oti.
448 4034 578 4107 Mulieri,
600 4034 635 4092 de
655 4033 767 4092 Phidiae
789 4033 856 4090 vita
881 4031 1095 4093 Commentatio
1117 4033 1230 4111 prima,

190 4147 193 4152 '
264 4160 290 4217 p.
309 4150 410 4210 11-14.
422 4173 462 4188 -·
476 4141 575 4202 Schol.
588 4141 735 4219 Aristoph.
748 4142 776 4199 in
790 4141 892 4215 flauas,
908 4141 974 4223 50⁴1.
