3098 5206
747 729 887 778 ..6-

337 854 469 948 solli),
487 863 520 924 et
539 853 582 925 ab
598 854 672 925 aliis
695 855 842 944 fraudis,
877 854 969 949 quod
991 856 1064 925 auri
1088 855 1131 926 ad
1152 865 1296 927 statuam
1377 929 1379 934 ,

271 1047 274 1051 ,
337 980 419 1050 Deae
437 976 686 1049 conficiendam
697 977 841 1051 adhibiti
859 1000 930 1050 non
950 1000 1088 1072 aequam
1102 980 1199 1050 visus
1212 954 1301 1051 osset

187 1200 191 1205 ι
334 1102 482 1193 reddere
497 1103 662 1173 rationem
677 1100 743 1197 (2),
766 1103 810 1174 ab
829 1103 905 1176 aliis
923 1081 1037 1175 autom
1050 1103 1301 1194 sacrilegiiori·

272 1204 276 1210 ³
339 1217 431 1299 mine
442 1226 750 1297 luissetacousatus
764 1227 857 1321 qudd
871 1228 1008 1319 Periclis
1019 1229 1300 1321 suamqueipsius

338 1352 526 1444 imaginem
544 1351 579 1422 in
600 1352 767 1424 Minervae
784 1355 906 1447 clypeo
931 1352 1122 1424 caelavisset
1146 1350 1212 1447 (3),
1233 1353 1300 1423 im·

340 1475 494 1547 minente
514 1475 803 1571 Peloponnesiaco
822 1479 934 1563 hello,
960 1478 1057 1567 cujus
1076 1476 1163 1548 inter
1181 1498 1301 1548 causus

337 1601 412 1694 ipse
428 1612 630 1673 numeratur
656 1599 723 1696 (θ),
745 1602 871 1674 exsilio
894 1603 1077 1673 mulctatus
1096 1602 1236 1674 Phidias
1259 1602 1303 1674 ad

336 1727 437 1799 Eleos
454 1728 629 1819 confugit,
649 1727 767 1819 ibique
783 1728 818 1798 iu
832 1726 918 1798 Altis
933 1728 1060 1820 templo
1075 1727 1170 1798 Jovis
1189 1727 1306 1820 Olym·

337 1852 386 1944 pii
408 1853 550 1945 sculpsit
571 1851 719 1943 effigiem
739 1851 805 1947 (5).
834 1853 916 1923 Haec
932 1852 1017 1923 iord
1045 1853 1093 1924 ita
1111 1853 1173 1923 Dei
1198 1852 1304 1942 maje-

336 1984 425 2047 state
438 1976 593 2046 omnium
605 1976 738 2045 animos
751 1975 908 2069 perculit,
925 1975 1033 2067 utqui
1047 1975 1306 2047 eamintueren-

332 2101 405 2183 tur,
420 2109 480 2171 aut
493 2101 601 2171 Deum
616 2099 729 2191 ipsum
749 2099 792 2171 de
810 2100 899 2171 coelo
922 2100 1157 2185 descendisse,
1184 2108 1248 2171 aut
1271 2099 1304 2168 in
1394 2157 1397 2164 .

336 2221 465 2291 coelum
479 2221 673 2293 ascendisse
687 2220 853 2292 artificem
875 2222 1132 2292 conclamarent
1148 2222 1215 2312 (6),
1232 2220 1307 2290 Pla-

364 2459 366 2467 =
382 2424 420 2502 (1)
431 2424 433 2429 ’
443 2424 593 2484 Plutarch.
605 2425 635 2482 in
645 2424 713 2484 vita
726 2426 858 2497 Periclis,
871 2446 901 2503 p.
916 2427 979 2502 169.

380 2529 421 2607 (nl
441 2529 647 2603 Philochorus,
661 2530 689 2586 in
702 2530 801 2591 Schol.
813 2530 849 2587 ad
862 2530 1010 2606 Aristoph.
1022 2531 1140 2602 Pacem,
1153 2551 1180 2587 v.
1192 2530 1285 2598 dot-5
1298 2552 1304 2589 :

338 2634 454 2714 Λέγουσι
468 2635 497 2695 δέ
510 2658 579 2702 τινες
593 2638 630 2705 ὡς
642 2636 752 2695 Φειδίου
763 2640 809 2695 τοῦ
822 2637 1039 2715 ἀγαλματοποιοῦ
1054 2634 1173 2702 δόξαντος
1189 2639 1307 2716 παραλο-

338 2740 457 2819 γίζεσθαι
469 2739 518 2812 rhu
531 2742 621 2801 πόλιν.
635 2786 661 2801 ..
679 2765 705 2800 κ.
718 2765 743 2799 τ.
755 2744 780 2800 λ.

378 2848 422 2926 (3)
442 2848 591 2908 Plutarch.
605 2849 623 2908 l.
637 2849 669 2921 l.;
683 2849 742 2908 vid.
755 2849 807 2908 inf.
821 2855 836 2922 S
854 2871 880 2921 ι,
894 2870 922 2928 p.
936 2871 964 2924 9.

380 2951 421 3032 (l)
444 2954 593 3032 Aristoph.
606 2955 685 3028 Pax,
696 2975 723 3012 v.
735 2955 868 3024 uon-605
880 2979 887 3011 :

423 3107 431 3120 .
444 3106 471 3121 ..
489 3062 511 3119 εί
524 3059 640 3139 βούλεσθ’
657 3062 767 3121 ἀκοῦσαι
780 3058 852 3132 τήνδ’
863 3056 934 3126 ὅπως
945 3058 1065 3120 ἀπώλετο
1081 3060 1203 3141 (εἰρήνη).

420 3169 521 3248 Πρῶτοι
539 3166 586 3245 μὲν
600 3164 650 3248 γδιρ
660 3158 736 3249 ἧρξεν
750 3166 815 3239 οίτης
828 3166 939 3233 Φειδίας
952 3165 1052 3247 πράξας
1063 3169 1159 3232 κακῶς.

379 3274 420 3354 (5)
440 3273 573 3334 Philoch.
600 3274 630 3331 in
658 3272 782 3333 Scholiis
806 3272 843 3330 ad
866 3273 1066 3351 Aristophanis
1079 3273 1201 3345 Pacem,
1224 3274 1242 3332 l.
1260 3274 1300 3334 l.:
1411 3347 1419 3361 .

346 3425 371 3440 ..
386 3425 392 3438 .
413 3380 511 3462 ἐκρίθη·
524 3379 568 3439 καί
581 3378 669 3461 ρυγὼν
683 3380 718 3444 εἷς
733 3366 814 3438 Ἦλιν
829 3364 1007 3459 ἐργολαθῆσαι
1019 3376 1050 3438 τδ
1064 3378 1172 3457 ἄγαλμα
1184 3385 1228 3439 τοῦ
1243 3379 1302 3444 Διὸς

339 3492 384 3545 τοῦ
394 3488 421 3545 ἐν
429 3485 565 3568 Ὀλυμπία)
576 3484 694 3563 λέγεται.
705 3528 714 3543 .
726 3530 734 3544 .
747 3485 821 3546 Ibid.
829 3483 962 3563 ἐζημιώθη
971 3488 1050 3568 φυγῇ.
1059 3518 1097 3532 -
1108 3486 1185 3546 Edit.
1193 3487 1303 3557 nidor,

341 3614 370 3670 p.
387 3614 527 3671 190-191·
538 3627 578 3639 --
588 3594 633 3653 cf.
650 3595 734 3664 Quat.
747 3592 783 3652 de
794 3593 919 3670 Quincy‚
929 3593 1044 3670 Jupiter
1058 3594 1186 3670 Olymp.,
1198 3612 1225 3670 p.
1246 3612 1299 3650 τοι

339 3721 448 3778 sqq.—
460 3701 540 3779 Biog.
554 3702 646 3772 univ„
660 3714 712 3759 art.
725 3701 851 3761 Phidias.

382 3804 423 3887 (6)
455 3806 583 3885 Philipp.
615 3806 830 3877 Thessalonic.‚
861 3805 991 3865 Analect.
1019 3806 1150 3875 Brunck,
1177 3805 1231 3864 vol.
1257 3808 1303 3878 ll,

340 3933 370 3990 p.
388 3913 464 3971 225:

419 4017 456 4080 *ll
475 4019 529 4085 θεὸς
542 4009 600 4092 ἦλθ’
615 4020 657 4078 ἐπὶ
672 4023 721 4098 γῆν
735 4019 761 4089 ἐξ
774 4023 882 4102 οὐρανοῦ
897 4016 985 4078 εἰκόνα
1001 4017 1100 4094 δείξων,

459 4127 568 4203 Φειδία,
583 4127 600 4200 ἢ
615 4127 680 4206 σύγ’
694 4126 758 4199 ἔὸης
770 4126 814 4186 τδν
832 4125 889 4186 θεὸν
903 4124 1038 4208 ὀψόμενος.
