3098 5206
675 796 814 847 ..p-

265 930 342 992 rem
365 922 507 1016 sculpsit
522 921 711 1014 imagines,
734 919 897 992 Miltiadis
917 920 1072 1014 Delphis,
1095 921 1231 994 Periclis

265 1058 300 1118 el
317 1068 416 1118 suam
433 1046 541 1141 ipsius
560 1045 704 1117 Athenis
727 1047 762 1116 in
786 1046 953 1118 Minervae
975 1046 1096 1141 clypeo
1114 1044 1180 1140 (l),
1198 1057 1232 1119 et

265 1171 453 1257 Pantarcis,
479 1168 620 1262 juvenis
645 1168 871 1256 dilectissimi,
899 1169 1020 1262 quiin
1047 1190 1232 1263 puerorum

265 1294 349 1366 ludo
367 1293 516 1389 palmam
534 1293 709 1380 retulerat,
732 1292 766 1362 in
787 1292 864 1363 solii
887 1293 983 1364 lovis
999 1292 1148 1389 Olympii
1165 1313 1233 1363 an-

268 1414 392 1486 teriore
423 1425 519 1507 parte
543 1412 633 1483 inter
660 1413 772 1505 sigilla
800 1412 949 1508 positam
977 1412 1046 1508 (2).
1077 1414 1232 1497 Quorum

267 1538 542 1611 animadvertere
577 1547 629 1608 est
662 1538 864 1609 Pantarcem
893 1538 1014 1608 solum
1047 1537 1230 1626 athletam,

268 1673 412 1734 caeteros
431 1673 566 1747 autem,
591 1661 779 1734 Miltiadem
802 1662 879 1733 dico
901 1671 936 1732 et
960 1662 1158 1756 Olympium
1177 1660 1233 1757 (3)

267 1788 472 1880 cognomine
486 1786 662 1875 Periclem,
679 1787 752 1876 jam
770 1785 856 1858 vero
871 1796 906 1857 et
919 1786 1077 1857 Phidiam
1097 1787 1235 1881 ipsum,

268 1899 521 2006 virosoptimos
533 1919 567 1981 et
581 1910 665 1980 tanti
675 1908 815 1981 artificis
825 1909 933 2003 opera
944 1910 1099 1982 maxime
1111 1911 1236 2003 dignos

266 2036 385 2108 luisse.
407 2036 461 2106 Ad
483 2035 562 2105 haec
586 2054 727 2126 quoque
753 2034 886 2105 accedit
913 2034 1008 2126 quod
1035 2035 1111 2106 istae
1142 2056 1236 2106 verae

267 2160 449 2250 imagines,
475 2165 621 2250 excepto
642 2155 805 2226 Miltiadis
823 2157 935 2247 signo,
963 2157 1000 2226 in
1017 2159 1172 2251 parergis
1189 2158 1236 2228 si·

267 2282 392 2372 gillalis
405 2292 479 2350 tum
493 2280 672 2366 Minervae,
687 2278 759 2348 tium
771 2280 868 2349 Jovis
880 2281 1032 2373 Olympii
1045 2280 1158 2352 locum
1171 2303 1236 2353 nec
1283 2294 1297 2325 ⁸

269 2404 469 2499 primarium
486 2402 680 2473 habuerint.
696 2401 741 2470 At
758 2402 786 2472 si
801 2402 879 2495 quis
901 2401 986 2472 mihi
1002 2403 1144 2494 objiciat
1163 2427 1234 2477 non

201 2506 207 2519 ⁹
268 2530 354 2602 deos
377 2528 439 2600 sed
466 2528 624 2600 homines
652 2527 757 2598 luisse
784 2527 849 2598 hos
871 2527 1023 2598 tribuum
1046 2528 1235 2601 Athenien·

267 2775 435 2848 Pausanias,
455 2776 474 2833 Ι.
486 2776 522 2848 X,
539 2795 587 2844 ιο,
599 2795 624 2845 ι,
636 2786 723 2852 negat
734 2772 810 2845 lvi,
825 2782 852 2845 4,
864 2773 891 2846 5,
908 2773 990 2832 illum
1004 2773 1091 2832 ullius
1108 2773 1236 2832 hominis

237 2942 248 2975 ι
267 2883 322 2942 nisi
335 2881 488 2941 Pantarcis
503 2881 661 2959 imaginem
678 2880 845 2958 sculpsisse.

309 2991 349 3069 (r)
370 2990 492 3051 Aristot.
503 2991 547 3050 De
557 2989 679 3061 mundo,
689 3009 719 3066 p.
733 2988 809 3046 863:
828 2985 905 3050 Φασὶ
918 2985 946 3045 δὲ
957 2986 1002 3050 τὸν
1017 2985 1234 3066 ἀγαλματοποιὸν

269 3093 380 3154 Φειδίαν
400 3092 659 3174 κατασκευαζόμενον
681 3091 728 3165 τὴν
743 3095 769 3152 ἐν
784 3091 927 3173 ἀκροπόλει
948 3091 1056 3164 Ἀθηνᾶν
1068 3095 1095 3151 ἐν
1119 3092 1236 3174 μέοῃτῇ

143 3224 145 3229 ⁴
269 3197 606 3274 τυότηςᾶσπέδιτὸέαυτυῦ
615 3196 757 3282 πρόσωπον
771 3199 985 3258 ἐντυπόνσασθαι.
998 3245 1005 3257 .
1017 3241 1025 3256 .
1038 3200 1167 3259 seh-
1174 3201 1234 3260 Cic.

270 3311 371 3381 Tuae,
382 3307 433 3367 lib.
446 3311 470 3382 l,
484 3330 509 3366 c.
526 3309 559 3366 15
570 3307 722 3368 :aPhidius
739 3307 785 3365 sui
802 3306 925 3364 similem
937 3306 1065 3384 speciem
1077 3306 1195 3365 inclusit
1205 3308 1235 3365 in

270 3416 374 3493 clypeo
391 3416 544 3488 Minervae,
555 3435 646 3492 quum
658 3413 819 3473 inscribere
831 3433 891 3472 non
902 3414 1027 3472 liceret.·
1040 3446 1080 3458 -
1089 3414 1237 3473 Plutarch.

269 3525 299 3581 in
314 3523 382 3581 vict
401 3523 517 3600 Porioi,
530 3543 559 3601 p.
581 3525 656 3599 169:
670 3521 719 3581 Ἐν
738 3525 771 3602 τῇ
792 3521 899 3580 ἀσπίδι.
910 3561 940 3582 ..
965 3525 1044 3580 αυτοῦ
1059 3543 1118 3580 τινα
1133 3519 1236 3604 μορφὴν

270 3629 427 3705 ἐνετύπωσε,
440 3627 588 3711 πρεοόότου
602 3630 749 3711 φαλακροῦ,
763 3627 858 3710 πέτρον
873 3626 1022 3709 ἐπηρμένου
1036 3628 1069 3687 δι’·
1082 3626 1236 3710 ἀμφοτέρων

269 3738 322 3794 τῶν
337 3738 443 3817 χειρῶν,
456 3735 502 3796 καὶ
515 3742 561 3796 τοῦ
573 3733 733 3816 Περικλέους
745 3733 834 3795 εἰκόνα
855 3734 996 3814 παγκάλην
1009 3732 1129 3809 ἐνέθηκε,
1144 3758 1235 3815 μαχο-

271 3843 351 3920 μένου
368 3843 433 3924 πρὸς
446 3842 588 3922 Ἀμαζόνα.
603 3844 709 3904 -Ιλίο
723 3844 871 3920 Chrysosl.
883 3844 964 3904 Orat.
983 3863 1027 3914 ιε,
1041 3842 1147 3902 initio:
1161 3845 1238 3925 Περι·

271 3948 336 4008 κλέα
350 3948 435 4009 δὲκαὶ
451 3949 529 4009 αὐτὸν
544 3946 630 4009 λαθὼν
645 3948 778 4022 ἐποίησεν.

313 4057 351 4134 (a)
373 4060 499 4118 Pausan.
514 4059 549 4130 V,
569 4079 615 4127 rr,
631 4063 658 4118 3.

313 4163 352 4245 (3)
373 4166 522 4226 Plutarch.
534 4165 563 4223 iu
574 4166 693 4226 Periclis
706 4166 781 4237 Villi,
794 4185 823 4244 p.
843 4166 909 4224 156.
922 4199 959 4209 -
972 4164 1056 4236 ibid,
1073 4167 1136 4236 173.
