3098 5206
670 788 829 838 ..51-

261 939 381 1006 nerva,
411 917 461 987 sic
472 915 665 1008 Neptunus,
688 916 738 984 sic
753 914 808 982 illa
827 933 908 1006 quae
923 913 1224 1002 trementesequos

262 1043 401 1114 cohibet
420 1038 585 1125 Victoria,
602 1038 721 1109 divina
740 1037 928 1109 admodum
944 1035 1228 1127 moventurqfaci·

263 1167 369 1238 litate.
401 1165 457 1234 Sic
477 1163 587 1256 llyssi,
610 1160 748 1232 sinistra
779 1160 851 1230 lulli
878 1169 917 1231 et¹
932 1169 1042 1231 semet
1069 1159 1227 1253 aliquan·

221 1379 224 1384 Ι
265 1287 377 1384 ιὶερθτ’
402 1285 614 1359 sublevantis
653 1295 692 1355 ut
734 1285 925 1355 Minervam
955 1283 1226 1376 Neptunumque

261 1411 607 1506 luctantes'aspiciat,
630 1409 694 1481 vix
718 1409 872 1503 corporis
894 1407 1032 1502 pondus
1051 1429 1173 1478 manus
1194 1418 1229 1479 et

262 1536 441 1608 brachium
463 1536 552 1605 terre
566 1534 743 1608 videntur.
763 1532 829 1601 Alii
848 1541 961 1601 autem
980 1531 1155 1634 coelicolae
1167 1533 1228 1623 qui

263 1662 420 1733 sedentes
434 1670 494 1731 aut
519 1659 723 1729 recubantes
748 1657 887 1741 adsunt,
905 1656 946 1727 eh
965 1667 1080 1727 mente
1097 1666 1177 1727 sunt
1194 1667 1229 1728 et

264 1797 298 1857 et
314 1785 507 1880 placiditate
529 1783 634 1854 animi
671 1803 751 1875 qnae
791 1780 944 1852 maxime
979 1782 1072 1852 Deos
1093 1780 1227 1853 decent.

310 1911 374 1981 Ast
387 1908 479 1981 aliud
498 1918 550 1980 est
568 1930 640 2000 quo
652 1906 756 1977 animi
770 1906 989 1998 pulchritudo
1004 1905 1105 2001 hiqtn
1120 1905 1229 1976 simu·

265 2036 366 2107 lucris
388 2035 596 2106 declaretur.
624 2032 734 2101 Nullis
755 2050 910 2123 unquam
936 2033 970 2100 in
990 2031 1073 2100 artis
1094 2039 1229 2101 statne-

266 2160 327 2230 riae
345 2157 509 2252 operibus
523 2167 616 2226 tanta
638 2124 813 2248 pudicitia,
843 2164 936 2224 tanta
957 2155 1131 2239 honestae,
1153 2165 1230 2224 tan·

266 2296 370 2375 taque
388 2281 526 2352 castitas
544 2281 696 2352 eminuit.
715 2282 802 2351 Sunt
816 2280 863 2349 ibi
878 2281 959 2350 Deae
976 2289 1082 2350 tantae
1099 2295 1229 2349 venus·

267 2406 345 2476 tatis
365 2414 401 2476 et
425 2403 616 2496 dignitatis,
647 2404 802 2496 tantique
829 2405 958 2498 leporis
975 2415 1013 2473 ut
1043 2404 1111 2474 tale
1141 2402 1228 2473 nihil

266 2552 335 2602 non
356 2532 470 2601 solum
488 2529 635 2601 inveniri
650 2531 684 2599 in
700 2530 811 2616 terris,
834 2529 894 2600 sed
912 2528 975 2600 vix
989 2529 1099 2622 possit
1118 2549 1226 2601 exco-

265 2656 379 2748 gitari.
404 2656 531 2726 Earum
551 2666 665 2727 tamen
694 2657 788 2726 nulla
805 2677 869 2727 nec
893 2678 930 2727 sc
949 2656 1123 2750 pulchram
1155 2678 1230 2729 esse

265 2785 461 2866 novit,'nec
477 2780 588 2850 videri
607 2779 721 2872 cupit,
743 2781 836 2872 qnod
853 2781 1032 2853 lllullerum
1050 2800 1121 2850 non
1144 2780 1231 2870 fugit

265 2904 463 2975 dicentem:
489 2904 640 2974 «Nullas
667 2924 742 2973 esse
768 2902 929 2972 mulieres
954 2903 1050 2972 omni
1073 2902 1230 2995 placendi

270 3056 287 3090 α
311 3037 446 3123 ουηιιθι
464 3027 578 3098 studio
605 3026 785 3097 alieniores
807 3027 912 3118 quam
937 3026 1067 3104 Phidiae
1088 3028 1190 3098 Deas.
1210 3055 1228 3092 e

267 3151 323 3222 Ex
347 3171 419 3245 quo
440 3149 586 3222 efficitur
617 3161 653 3221 ut
684 3172 743 3222 eas
765 3152 1028 3244 contemplantis
1053 3163 1087 3221 et
1108 3160 1231 3222 'earum

141 3307 143 3312 ·
269 3276 434 3348 eximiam
450 3276 653 3347 admirantis
674 3278 819 3348 lormam
838 3298 907 3347 non
927 3276 1063 3364 sedsus,
1079 3276 1141 3347 sed
1157 3276 1232 3346 ani·

268 3423 345 3472 mus
364 3402 475 3472 solum
500 3413 771 3490 commoveatur,
789 3413 823 3472 et
839 3401 929 3494 qnod
949 3402 1116 3517 absolutae
1139 3422 1232 3470 sum-

267 3549 402 3619 maeque
429 3524 691 3619 pulchritudinis
712 3528 888 3619 proprium
913 3537 965 3597 est
988 3518 1023 3597 et
1045 3524 1229 3618 peculiare,

269 3673 365 3722 mens
387 3650 433 3720 ad
463 3647 615 3742 supremi
635 3648 785 3722 numinis
816 3651 989 3721 sublimes
1007 3648 1158 3740 erigatur
1183 3671 1234 3721 sc·

272 3775 344 3849 des·

319 3899 464 3970 lltnunc
474 3921 579 3994 quem
589 3899 622 3968 in
636 3899 791 3972 Minerva
806 3909 839 3969 et
851 3899 1129 3979 lovellorentem
1141 3902 1236 3994 vigo
1349 3890 1355 3907 ¹

270 4046 343 4096 rem
357 4045 435 4096 cum
454 4025 575 4114 gratia
590 4024 706 4118 lepore
719 4024 939 4115 conjunctum
955 4026 1098 4119 ipsaque
1109 4029 1236 4121 tempe·

273 4159 381 4219 ratum
406 4147 511 4218 luisse
536 4161 665 4219 certum
691 4160 754 4235 est,
774 4149 865 4220 hunc
882 4150 1042 4223 eumdem
1061 4152 1097 4243 in
1122 4153 1236 4223 tractis
